2659 3909
15 638 26 679 l

566 188 772 244 PRAEFATIO
1138 191 1177 245 XI

159 340 288 400 Porcelii
320 341 449 399 carmine
481 359 578 416 papae
600 341 648 399 illi
671 340 807 401 dedicato
835 341 916 417 quod
946 343 1120 402 inscribitur
1141 344 1177 401 de

153 432 248 503 poetis
276 434 303 488 et
333 430 498 489 oratoribus
524 432 573 489 sui
605 431 749 503 temporis.
796 431 860 500 Quo
896 433 929 489 in
965 431 1095 491 carmine
1131 433 1176 490 ita

160 519 325 595 alloquitur
347 518 521 577 Horatium:

270 607 341 666 Hac
363 608 433 667 odes
457 606 542 667 Orati
563 612 685 667 veterem
707 611 758 680 oui
778 606 868 667 vertis
889 609 1060 684 floream,

318 697 460 771 Peqaaeos
483 697 581 756 latices
604 699 652 755 oui
674 714 740 756 meo
762 698 857 757 Mosa
879 691 998 780 dedit.¹)

225 802 350 863 Accedit
374 803 452 878 quod
481 804 587 880 exigua
620 804 728 862 saltem
760 821 830 878 pars
857 804 963 863 lliadis
987 805 1024 863 ab
1047 805 1175 865 Horatio

157 893 324 952 translatae
338 892 422 952 nobis
437 894 557 951 servata
571 894 625 966 eat,
649 892 729 968 quod
752 892 901 968 specimen
924 894 1054 970 suscepti
1077 895 1175 971 operis

158 980 198 1040 ad
215 974 382 1041 Iohannem
401 981 578 1040 Tortellium
600 980 819 1040 cubicularium
839 982 1027 1057 pontificium
1045 983 1175 1042 destina·

158 1073 252 1130 verat.
298 1070 428 1147 Repperi
452 1075 552 1129 autem
574 1072 605 1128 in
630 1070 730 1129 codice
751 1071 899 1129 Vaticano
922 1072 974 1130 lat.
996 1072 1092 1145 3908,
1115 1092 1174 1148 quo

157 1159 310 1219 volumine
333 1159 447 1217 multae
463 1158 619 1235 ⁴epistolae
642 1159 712 1217 inde
735 1159 773 1217 ab
801 1178 879 1219 anno
905 1161 990 1219 1445
1019 1180 1113 1236 usque
1137 1162 1175 1219 ad

157 1247 206 1307 Pii
228 1248 260 1307 Π
295 1251 431 1323 tempora
468 1248 506 1307 ad
537 1248 715 1307 Tortellium
751 1248 839 1308 datae
876 1249 1174 1325 comprehenduntur.

158 1335 250 1397 (iuius
273 1339 305 1395 in
329 1336 438 1398 codicis
461 1336 584 1413 plagula
610 1339 673 1396 173
698 1338 856 1397 chartacea
878 1338 951 1396 haec
973 1338 1129 1417 leguntur:

223 1426 347 1486 Homeri
365 1431 469 1499 poetae
492 1427 545 1485 ola.
570 1444 604 1485 eo
623 1444 707 1501 preco
730 1429 764 1485 ia
795 1427 892 1486 latiori
922 1430 1003 1486 uersi
1029 1447 1086 1501 per
1108 1446 1175 1487 ora·

156 1518 231 1574 tium
254 1516 327 1575 liber
344 1518 464 1589 primus
486 1517 589 1589 incipit
609 1516 701 1590 pliod.

224 1603 399 1680 Sequuntur
420 1606 512 1681 primi
538 1604 790 1683 duodesexaginta
819 1623 923 1664 versus
949 1604 1069 1679 Iliadis,
1099 1625 1173 1682 quos

155 1694 253 1768 ipsius
276 1693 396 1752 Horatii
425 1713 517 1752 manu
547 1692 673 1768 scriptos
697 1712 842 1753 essenon
872 1696 935 1752 sine
965 1712 1056 1753 causa
1079 1695 1174 1770 suspi-

157 1800 266 1841 cemur.
312 1783 460 1841 Desinunt
483 1784 584 1842 autem
601 1783 634 1840 in
658 1781 790 1841 eiusdem
807 1783 928 1841 chartae
944 1783 1057 1860 pagina
1070 1785 1174 1860 altera,

155 1872 241 1931 cuius
287 1870 410 1931 inferior
450 1890 520 1947 pars
567 1872 716 1947 scriptura
756 1890 851 1931 vacua
891 1874 1011 1931 mansit.
1076 1871 1174 1942 Quare

156 1978 342 2035 quamquam
370 1979 445 2035 quae
469 1961 605 2036 sequitur
628 1960 736 2019 codicis
760 1960 865 2020 charta
889 1963 952 2019 174
977 1962 1086 2021 amissa
1119 1964 1173 2037 est,

155 2052 258 2108 tamen
291 2050 366 2108 alios
398 2068 500 2110 versus
529 2049 565 2108 ab
588 2049 717 2108 Horatio
748 2050 912 2109 translatos
944 2051 1086 2111 excidisse
1108 2053 1174 2110 iure

155 2139 261 2215 negari
283 2141 391 2213 potest.

224 2227 309 2296 Quod
326 2227 452 2286 Homeri
469 2229 605 2287 conversi
627 2228 776 2303 specimen
799 2227 981 2287 carminibus
999 2226 1174 2288 Horatianis

156 2334 204 2373 me
226 2315 385 2376 inseruisse
408 2316 585 2391 eosdemque
608 2334 711 2376 versus
726 2335 744 2376 a
757 2316 953 2392 Marsuppino
977 2310 1171 2399 translated)

156 2404 305 2464 addidisse
334 2407 384 2464 vin
416 2406 576 2481 quisquam
608 2404 834 2481 vituperaverit.
879 2405 959 2463 Nam
991 2424 1173 2481 quamquam

156 2493 296 2553 Vossium
320 2512 387 2552 cum
409 2493 571 2553 Horatium
597 2495 751 2570 primum
773 2493 871 2553 Iliada
894 2494 926 2552 in
947 2494 1090 2553 Latinam
1116 2496 1173 2554 liu·

156 2599 247 2659 guam
270 2584 451 2643 convertisse
474 2583 594 2656 diceret,
617 2584 751 2659 graviter
773 2601 886 2642 errasse
908 2584 959 2642 vix
982 2583 1070 2642 debet
1092 2583 1173 2643 affir-

156 2672 249 2746 mari,
272 2674 374 2730 tamen
397 2672 429 2729 in
453 2690 486 2731 eo
510 2690 634 2731 numero
658 2675 704 2731 eat
732 2671 899 2746 habendus,
929 2674 983 2747 qui
1013 2674 1173 2749 postquam

156 2778 247 2836 prosa
269 2762 404 2820 oratione
426 2760 509 2818 haud
531 2760 621 2836 pauci
644 2763 715 2819 ante
743 2780 812 2819 eum
834 2761 997 2820 Homerum
1024 2780 1172 2837 expresse-

156 2852 236 2924 runt,
259 2849 350 2925 primi
372 2850 509 2910 versibus
530 2850 635 2909 latinis
657 2850 842 2909 immortalia
863 2850 918 2908 illa
940 2851 1073 2909 carmina
1091 2853 1172 2911 tran·

229 3056 255 3122 1)
274 3054 408 3109 Vahlen
426 3054 483 3108 l.c.
501 3059 597 3123 p.3'18
626 3071 640 3108 e
660 3054 757 3109 codice
784 3055 965 3110 Rossattiano
991 3055 1043 3110 XII
1069 3056 1172 3111 biblio-

155 3124 256 3207 thecae
266 3125 454 3209 'municipalis
474 3126 663 3209 Tergestinae.
702 3125 832 3210 Carmen,
855 3126 931 3194 quod
958 3127 1063 3211 legitur
1085 3128 1172 3181 etiam

155 3196 343 3322 atilli
359 3196 1173 3339 llutllllltffltitamarariditati

155 3286 243 3423 bellep
250 3339 306 3423 arti
325 3339 355 3393 di
372 3339 479 3421 Hapoli
497 3339 551 3396 vol.
566 3339 664 3407 XXIV)
671 3311 684 3406 ς’
704 3340 784 3394 cuius
801 3311 959 3394 ‘voluminis
982 3311 1096 3395 videndi
1114 3356 1171 3395 non

154 3409 434 3552 mmguffazoffli‘
462 3482 536 3537 Bibl.
563 3482 647 3552 Leop.
677 3483 807 3536 Laurent.
826 3481 861 3549 IL
875 3488 936 3535 439.
973 3482 1128 3552 Descripsit
1156 3499 1171 3537 e

154 3552 253 3608 codice
272 3554 462 3609 Laurentiano
481 3554 561 3610 Felix
579 3554 748 3608 liamorinus
766 3554 809 3607 vir
826 3554 965 3624 egregius.
