2659 3909
350 240 390 294 IN
409 238 563 293 LAVDEM
580 237 687 293 nveis
705 238 917 293 MEDIOLANI.
1107 237 1150 302 53

136 392 187 452 Sio
209 392 257 450 illi
278 390 376 452 virtut
399 391 502 451 divina
526 393 556 450 et
579 391 701 466 spiritus
723 390 831 466 implet

181 481 349 559 Ingenium,
370 472 480 540 tandei
503 476 604 541 tantus
628 478 666 539 ab
689 494 739 539 ore
762 481 847 541 nitet.

135 570 195 630 Sed
217 574 271 630 tue
292 585 385 629 rauca
406 571 515 628 sonent
536 584 591 627 nee
613 582 735 628 munere
758 565 867 647 dignus
891 564 978 626 Orati

95 672 123 719 st
180 658 306 721 Frondis
329 650 506 718 honoratae:
529 674 617 717 reuse
639 660 731 734 poeta
754 657 835 719 vale!

622 1062 661 1126 X.

137 1196 181 1253 In
194 1198 334 1253 laudem
352 1190 379 1257 1.
395 1194 493 1252 duois
507 1186 695 1253 Mediolani
717 1196 856 1252 oratius
869 1196 931 1253 Ro.
951 1194 1152 1263 composuit.

138 1336 207 1394 Dux
230 1349 322 1414 genus
346 1336 499 1423 egregium
522 1333 684 1409 belloque
707 1334 820 1409 sospite
842 1353 998 1409 nunquam

139 1426 197 1484 Res
218 1424 331 1483 Italum
353 1426 421 1482 reot
442 1424 580 1482 externae
604 1422 794 1482 sueoumbere
816 1425 909 1500 genti,

141 1510 243 1573 ternis
266 1515 301 1571 ut
323 1511 448 1571 insultet
470 1512 557 1571 furiis
581 1513 715 1588 agitatus
737 1513 882 1587 Amymas

139 1602 283 1663 Suoeessu
305 1620 406 1660 rerum
428 1601 543 1660 domita
565 1618 655 1676 quam
679 1599 779 1660 nobile
801 1600 951 1676 quondam

113 1691 313 1768 5Hospitium
336 1691 438 1768 pelagi
460 1689 613 1749 Pausania
635 1689 769 1749 condidit
791 1688 864 1748 urbe

8 1778 12 1785 '
140 1780 279 1857 Concipit
301 1780 449 1855 Europen.
495 1778 590 1838 Italos
614 1780 689 1838 satis
712 1797 775 1838 esse
797 1780 918 1854 fatetur,

141 1870 272 1930 (leuatus
297 1870 349 1945 qui
371 1871 431 1927 iam
455 1866 556 1927 tentos
580 1870 611 1927 et
633 1871 705 1927 vota
728 1871 888 1928 morentur.

116 1961 202 2018 2Neo
224 1958 322 2017 minus
346 1957 452 2017 sudaei
474 1957 600 2033 populos
623 1956 734 2034 premit
755 1956 887 2033 undique
909 1957 988 2016 bello

139 2048 299 2107 Finitimos
323 2046 469 2121 urbesque
492 2046 524 2103 et
546 2063 633 2123 agros
657 2049 688 2105 et
709 2064 802 2124 regna
823 2046 944 2107 lacessit

101 2156 127 2195 ro
141 2136 322 2210 Pandemos,
345 2153 379 2195 ao
402 2135 483 2210 ripas
506 2126 603 2193 Histri
627 2135 826 2194 oiroumsonat
850 2137 942 2195 armis

141 2225 285 2286 Otumani
307 2240 409 2301 genus,
432 2222 589 2283 obseurum
612 2228 696 2283 treus
720 2223 822 2283 aooola
843 2227 969 2299 pontum

120 2316 291 2373 'Euxinum
314 2315 345 2372 et
367 2313 493 2372 Tanaim
516 2312 669 2372 Mahomes
692 2315 793 2389 erupit
815 2311 853 2372 ab
875 2314 973 2386 erebo,

142 2404 201 2473 Qui
224 2403 302 2462 fen-0
326 2406 357 2469 et
379 2399 507 2462 flammis
530 2400 647 2461 eaelum
669 2403 830 2478 populetur
853 2404 883 2461 et
906 2401 1016 2460 orbem.

141 2493 257 2552 Sinon
280 2492 326 2551 vis
350 2493 444 2550 animi
466 2490 591 2550 needum
614 2493 702 2569 vigor
723 2492 776 2549 ille
798 2490 920 2551 reoessit

103 2598 128 2639 ιε
142 2582 269 2640 Martius
294 2583 363 2640 ante
387 2580 459 2653 dies,
482 2598 499 2637 o
524 2579 597 2655 qiud
619 2582 692 2639 teris
715 2579 779 2639 otia
801 2581 913 2639 frustra

142 2672 259 2729 Duotor
281 2672 312 2729 et
333 2668 467 2728 imbelles
491 2670 564 2728 sinis
587 2670 631 2727 ire
653 2667 800 2746 inglorius
823 2666 937 2729 annos?

120 2810 123 2815 .
141 2760 211 2820 Non
233 2758 281 2816 illi
302 2766 426 2836 regnum
448 2758 557 2816 Italiee
579 2760 772 2833 veterumque
794 2757 920 2832 labores,

11 2854 20 2869 '¹
143 2847 201 2907 Seu
224 2848 281 2907 tibi
303 2848 368 2906 fata
390 2850 508 2923 purant.
553 2846 632 2905 Nam
655 2846 743 2906 rebus
766 2847 804 2905 ad
827 2847 935 2906 ultima
957 2846 1049 2922 lapsis
1172 2864 1183 2902 e

143 2937 223 2995 Dum
247 2955 313 3012 spes
336 2936 420 2995 nulle
442 2935 508 3009 tibi,
532 2937 670 3011 quotiens
692 2935 813 2994 fortune
835 2936 966 2996 refulsit!

103 3046 130 3084 se
143 3027 306 3102 Imperium
329 3026 442 3100 optasti
464 3024 622 3103 Ligurum:
646 3040 705 3083 non
729 3024 815 3083 irrita
838 3026 902 3084 voti

144 3114 215 3175 Sors
238 3114 310 3190 fuit3
333 3112 457 3173 hostiles
481 3112 590 3173 collato
612 3113 710 3171 Marte
733 3116 868 3173 catervas

144 3204 291 3275 Fulminis
313 3205 346 3260 in
368 3218 481 3261 morem
504 3200 585 3261 ludit
607 3206 661 3261 tua
683 3202 787 3262 vivide
809 3204 914 3261 virtus.

215 3390 247 3444 X.
268 3388 334 3445 (lod.
350 3394 418 3443 1467
437 3382 630 3445 Bibliotheoee
648 3390 745 3473 regiae
758 3390 891 3473 Lucensis
905 3390 982 3456 (θοὰ.
992 3389 1159 3472 Lueoheeini

144 3460 193 3516 Νι.
209 3463 271 3532 149)
289 3460 337 3515 fol.
353 3464 491 3515 ἵθῐ-Ὶῡῐ
530 3460 641 3516 Titulus
655 3461 713 3516 she
726 3478 812 3515 manu
826 3463 947 3530 senptus
962 3463 1017 3529 est3
1034 3477 1159 3515 numeris

145 3531 352 3657 willimari
380 3548 510 3587 versuum
538 3532 690 3601 adscriptis
718 3532 911 3604 significantur
938 3550 1033 3587 versus
1060 3533 1159 3586 sermi-

144 3622 189 3658 ms
273 3648 278 3657 .
