2659 3909
552 236 736 292 PORCARIA
1110 240 1150 303 17

139 389 185 448 En
207 387 265 447 tibi
286 390 384 463 prisca
407 387 493 447 fidesl
517 388 627 447 Tenuit
649 408 718 447 mox
740 388 836 448 Roma
859 387 1021 447 secundum

140 477 275 537 Consulis
298 479 466 553 imperium,
489 478 570 553 quod
592 479 698 552 stupro
721 480 752 535 et
774 480 919 555 sanguine
941 481 1060 553 partum
1085 482 1137 537 est.

140 566 197 635 Qui
218 569 349 642 primum
372 584 476 625 saevas
499 584 554 642 pro
577 565 718 625 libertate
741 584 858 625 secures

88 676 125 717 ess
138 656 283 729 Instituit,
305 658 411 713 natum
433 656 494 714 leto
517 672 595 715 nova
617 653 698 713 belle
720 659 889 714 moventem

138 744 290 820 Implicuit
312 745 432 803 Brutus.
477 741 598 803 Patriae
621 744 681 803 fuit
702 762 763 802 una
785 743 926 820 voluptas

137 834 301 892 Fortunam
324 833 460 893 stabilire
483 836 514 892 et
535 832 685 892 debellare
707 834 852 893 tirannos.

137 922 255 981 Floruit
277 922 331 981 illa
353 925 457 981 tamen
478 921 583 981 multis
605 921 768 981 mutibus
792 925 883 982 aetas.

137 1010 231 1071 Nosse
254 1010 375 1071 modum
398 1011 472 1069 iuris
495 1010 723 1087 libertatemque
747 1013 827 1069 tueri

85 1122 124 1162 nso
137 1100 291 1159 Bellorum
314 1100 421 1160 studiis
443 1103 544 1176 potuit
566 1103 638 1159 tuuc
660 1100 772 1159 Mastia
793 1099 898 1159 Roma.

137 1190 238 1267 Digna
261 1190 320 1248 fuit
342 1192 441 1248 totum
464 1206 540 1264 qnae
563 1188 677 1247 viribus
701 1191 826 1264 occupet
849 1187 959 1249 orbem

137 1279 205 1339 Non
229 1280 307 1338 cives
332 1280 399 1337 auri
420 1277 518 1337 rabies
540 1296 595 1336 neo
618 1277 684 1335 dira
707 1276 800 1336 libido

137 1367 262 1444 Imperii
283 1368 386 1440 traxit,
409 1366 461 1425 sed
484 1368 596 1425 famam
619 1366 776 1426 extendere
799 1366 882 1426 caelo

137 1455 290 1516 Laudibus
314 1474 349 1514 ac
370 1457 486 1515 meritis
510 1458 540 1514 et
563 1456 652 1515 duros
677 1456 754 1515 ferre
776 1455 901 1515 labores.

83 1567 123 1608 esu
139 1546 221 1605 Tunc
243 1544 326 1604 rudis
349 1547 490 1620 imposito
514 1544 636 1605 vivebat
658 1545 761 1605 consul
785 1546 898 1619 aratr03

138 1634 293 1695 Fabricius
316 1653 409 1710 parvo
433 1637 589 1694 contentus
612 1652 736 1693 munera
758 1654 863 1712 regum

138 1724 289 1800 Despexit,
311 1726 412 1800 potius
434 1724 532 1783 voluit
554 1722 779 1783 dominantibus
802 1740 875 1781 auro

137 1812 223 1871 Iussa
246 1813 316 1871 dare
340 1816 371 1871 et
393 1813 466 1871 forti
488 1811 600 1870 bellum
623 1811 780 1871 decernere
803 1812 890 1870 ferro.

138 1900 217 1959 Hinc
240 1901 328 1961 Fabii
349 1900 486 1979 ingentes
510 1900 670 1976 Gatirlique
694 1903 725 1959 et
746 1901 875 1959 fulmina
896 1900 1003 1960 Martis

82 2011 123 2050 uo
138 1988 304 2065 Scipiadae,
328 2008 455 2065 qnorum
476 1990 639 2049 virtutibus
661 1989 742 2048 Itala
764 1989 854 2049 tellus

138 2076 254 2137 Claruit
277 2081 308 2137 et
329 2098 429 2137 rerum
452 2081 589 2155 princeps
612 2078 763 2138 Mavortia
785 2078 881 2137 Roma

137 2165 215 2227 Orbe
238 2167 424 2243 triumphato
447 2186 563 2226 sacrum
586 2170 678 2243 caput
699 2168 804 2227 intulit
827 2169 924 2227 astris.

136 2256 249 2315 Verum
272 2274 351 2315 vana
373 2257 446 2315 viris
469 2258 566 2333 pietas
590 2256 747 2331 cultusque
771 2256 894 2315 deorum

136 2345 246 2419 Illnsit,
268 2346 341 2405 tulit
364 2347 500 2405 externos
523 2345 562 2404 ad
584 2364 668 2405 sacra
690 2347 815 2421 penates

80 2455 121 2495 aas
137 2434 201 2493 Aut
224 2434 306 2495 dedit
328 2437 395 2510 ipsa
418 2434 500 2508 deos3
523 2453 634 2493 numen
657 2434 716 2493 sibi
737 2436 864 2510 quisque
887 2431 1009 2493 dicabat

138 2523 344 2601 Fingebatque
365 2524 469 2583 Iovem
490 2523 638 2583 Venerem
660 2523 847 2598 Martemque
869 2522 1043 2582 Minervam

136 2612 290 2672 Festivare
313 2612 404 2688 dapes
427 2615 458 2670 et
480 2612 563 2671 odori
586 2612 695 2688 pocula
716 2612 812 2671 Baebi

136 2702 270 2774 Vertere,
292 2706 453 2761 nocturnas
476 2702 568 2776 tyrsis
591 2703 707 2780 agitare
730 2701 862 2775 choreas,

137 2790 305 2864 Dabaohari
326 2791 469 2865 homines,
493 2792 629 2849 sanctum
652 2790 766 2850 violare
789 2789 933 2866 pudorem

78 2899 121 2939 seo
137 2880 315 2958 Relligionis
339 2882 412 2953 erat,
435 2878 527 2938 donec
550 2881 600 2954 pia
624 2897 695 2938 cura
718 2880 840 2955 superni

138 2968 288 3047 Sanguine
312 2969 446 3027 restitnit
468 2967 624 3044 deperdita
646 2967 766 3027 saecula
788 2969 861 3027 nati.

137 3055 275 3116 Consulis
298 3060 418 3116 exactae
442 3060 602 3132 postquam
625 3075 739 3116 cessere
761 3074 889 3130 secures,

136 3145 261 3206 Publica
283 3164 331 3206 res
353 3146 435 3205 urbis
458 3165 527 3205 mox
550 3149 596 3205 est
619 3146 723 3205 effecta
745 3145 800 3205 snb
823 3166 883 3207 uno

135 3235 279 3311 Imperio:
302 3236 352 3294 hic
374 3254 475 3295 omnes
499 3235 709 3311 complectitur
730 3254 790 3293 uua
812 3238 954 3310 potestas.
988 3240 992 3249 '

77 3343 120 3384 uus
137 3323 210 3394 Quis
232 3324 353 3401 referat,
376 3326 496 3401 quantis
519 3323 650 3399 Latium,
674 3323 782 3399 quibus
805 3327 914 3383 arserit
936 3326 1026 3384 armis

207 3534 259 3582 422
278 3529 309 3583 in
326 3547 427 3600 merge
451 3530 593 3585 Secundus
610 3535 699 3585 status
716 3529 794 3585 urbia
811 3530 821 3599 ΙΙ
839 3534 891 3583 463
911 3527 941 3582 in
959 3546 1060 3600 marga
1086 3528 1151 3583 Ter-

133 3600 191 3655 ties
209 3601 286 3655 nrbe's
303 3608 397 3655 datas.
951 3635 953 3638 -

189 3699 301 3739 Horatius
315 3699 432 3741 Romanus
446 3699 482 3739 ed.
496 3700 649 3740 Lehnerdt
920 3694 936 3741 2
