2659 3909
194 169 236 235 28
684 169 711 223 Π

194 320 282 379 Ferte
305 320 359 379 oiti
381 322 471 381 ferto!
494 321 650 395 exclamat,
673 322 833 396 properate
856 321 973 379 labores

195 410 298 469 Tmris
321 411 352 469 et
375 409 505 470 ambitus
529 430 691 484 murorum,
714 410 788 469 haee
810 410 929 468 moenia
952 409 1071 485 quando
1109 450 1112 457 -

195 496 320 576 Cingere
343 498 500 559 constituit
522 517 655 559 summus
678 502 766 575 pater
788 498 889 557 omnia
910 503 1018 586 1100111

141 608 182 648 110
195 586 285 647 Urbis
308 606 382 664 opus
406 588 510 666 longo!
533 589 645 648 Tantos
668 588 819 647 Beltrame
842 590 966 664 paratus
1099 605 1100 608 ’

195 676 366 755 Aggredere
389 676 569 753 intrepidus:
592 678 683 736 durus
706 676 793 736 labor
815 676 908 735 ardua
930 676 1032 751 vineit,

196 762 291 824 Omne
316 766 436 841 quidem
458 767 546 825 facile
570 770 615 827 est
637 768 746 825 animis
770 765 950 825 audentibus
973 768 1078 825 altum.

196 854 272 913 Tum
295 874 383 931 mage
407 855 503 914 fervet
526 874 613 931 opus:
636 858 717 914 totos
740 855 880 931 cyclopas
904 854 941 913 ab
965 855 1066 915 Ethna
1139 878 1143 883 ·

195 943 383 1019 Prospioeres
406 963 505 1019 ruero;
528 963 672 1022 magnum
695 963 762 1003 oum
784 942 890 1003 robore
914 946 1028 1003 eaelum

142 1053 181 1094 aes
196 1032 353 1092 Debellare
375 1037 485 1109 parant
508 1051 542 1092 ao
564 1033 716 1093 montibus
739 1034 862 1109 insuper
884 1034 955 1093 altis

198 1120 369 1181 Goniioiunt
391 1125 508 1182 montes
531 1125 562 1181 et
583 1124 616 1181 in
640 1122 762 1181 aethera
785 1122 882 1200 surgit
905 1120 1049 1199 Olimpua.

241 1210 395 1287 Ingressus
419 1212 566 1287 templum
588 1214 697 1271 teretes
719 1211 790 1271 hino
811 1212 881 1270 inde
905 1211 1058 1272 columnas

194 1300 325 1359 Miratur
348 1303 520 1377 traotusquo
542 1301 601 1360 looi
625 1303 655 1359 et
677 1300 837 1359 testudinis
860 1301 940 1359 altae

196 1388 402 1449 Fundamenta
425 1391 493 1463 iaoi,
515 1390 664 1466 paulatim
688 1408 841 1467 assurgere
864 1408 966 1447 muros

141 1499 181 1540 110
196 1476 313 1537 Gaudet
336 1480 366 1537 et
388 1478 465 1537 hane
487 1479 577 1555 longe
598 1479 709 1538 molem
732 1496 872 1553 superare
894 1479 1038 1537 vetustas.

195 1566 391 1641 Pyramidum
415 1568 503 1628 sileat
526 1567 648 1627 celebris
672 1566 796 1645 fastigia
818 1567 966 1642 Memphis

194 1656 398 1732 Mausoolique
421 1657 515 1730 labor,
539 1656 626 1716 aedat
648 1656 817 1733 Babylonia
838 1657 932 1715 moles

195 1743 235 1803 Et
259 1764 334 1820 quae
357 1747 530 1805 marmoreis
554 1747 614 1805 late
639 1746 763 1815 suffulta
786 1744 931 1803 columnis

196 1834 254 1893 Tot
277 1835 366 1894 simul
388 1834 523 1913 ingentes
547 1835 638 1894 Asiae
662 1838 795 1893 struxere
817 1833 935 1892 labores

141 1942 181 1985 110
196 1923 320 1998 Templa
342 1923 407 1982 solo
431 1922 551 1983 Triviae
574 1925 694 2000 penitus
717 1922 843 1982 tundata
866 1921 1016 1997 palustri.¹

196 2012 310 2088 Dirigit
332 2011 401 2071 inde
425 2013 523 2089 pedes,
546 2012 599 2071 ubi
621 2031 700 2072 nuno
722 2012 827 2071 domus
851 2012 915 2070 alta
937 2029 1096 2070 monareae

196 2100 325 2159 Tollitur
348 2102 480 2176 antiquis
503 2121 563 2160 non
586 2119 761 2162 concessura
782 2100 952 2176 triumphis.

195 2189 232 2248 In
254 2189 370 2250 foribus
392 2192 484 2250 timor
507 2191 538 2248 in
562 2209 684 2267 superos
708 2193 904 2265 sanctumque
926 2188 1084 2265 pudorque

195 2278 319 2338 Iustitia
342 2283 372 2338 et
394 2281 501 2355 pietas,
525 2298 612 2355 opere
636 2280 784 2339 associata
806 2279 957 2353 frequenti

143 2389 183 2430 100
196 2368 278 2427 Pone
300 2368 373 2427 fides
397 2371 540 2445 sequitur,
564 2369 647 2427 nullo
671 2366 822 2427 violabilis
846 2386 913 2426 aere

197 2455 304 2516 Gratia
327 2460 389 2518 stat
411 2458 545 2533 simplex,
569 2477 659 2534 quam
682 2476 750 2516 raro
774 2456 806 2515 in
828 2456 976 2532 praesulis
1000 2455 1088 2515 aedes

196 2546 258 2605 Isse
281 2565 359 2605 reor:
383 2547 494 2606 multos
518 2546 595 2607 solet
616 2547 648 2605 id
671 2546 808 2625 iugulare
830 2547 976 2621 potentes.

113 2662 114 2666 ¹
196 2635 280 2694 Felix
303 2636 355 2709 qui
378 2635 461 2695 nullo
484 2635 611 2695 nimium
634 2634 800 2712 speraverit
822 2636 908 2693 auro!

196 2724 288 2783 Aulai
310 2724 342 2782 in
365 2723 463 2783 medio
487 2743 662 2801 summoque
685 2726 718 2784 in
741 2724 871 2784 eulmine
893 2726 1000 2802 regnat

142 2833 182 2875 aas
197 2812 338 2873 Maiestas
362 2816 462 2891 gravis
485 2815 612 2889 imperio
635 2816 781 2889 vultuque
803 2813 932 2872 verendo

197 2902 346 2962 Iudicium
369 2904 506 2977 sequitur
527 2902 654 2961 seeundo
677 2902 710 2961 in
731 2905 851 2979 11001010
873 2922 977 2961 verum

198 2990 364 3051 Consilium
386 2995 506 3068 gestans
529 2992 680 3067 viridique
703 2992 847 3068 adoperta
870 2992 967 3051 001010

199 3079 272 3155 Spes
297 3083 327 3139 et
350 3099 441 3157 amor,
466 3079 546 3160 grati
567 3082 656 3159 longe
678 3080 898 3140 immortalibus
921 3078 1017 3139 ambo.

197 3169 280 3228 Haeo
302 3172 425 3247 propter
448 3174 547 3229 totum
568 3171 663 3230 uirtus
688 3189 764 3246 quae
786 3170 934 3245 temperat
957 3167 1068 3241 orbem,

143 3256 332 3319 subcandida
353 3259 460 3337 religio
484 3262 602 3319 saerata
624 3260 656 3317 in
679 3258 747 3319 sede
770 3276 927 3318 aorusoans

196 3348 244 3406 Ad
268 3366 390 3426 superos
414 3349 545 3408 ostendit
566 3348 633 3424 iter,
656 3350 862 3423 monstratque
885 3344 1007 3405 oolendo

269 3542 320 3591 282
342 3536 410 3592 Esse
