2659 3909
482 976 721 1053 Praefatio

548 1138 655 1145 --.—-.-

71 1183 77 1324 ‚l
160 1246 205 1304 De
229 1246 356 1305 Horatio
386 1248 520 1307 Romano
550 1248 722 1307 litterarum
750 1249 969 1307 renascentium
1001 1250 1111 1307 aetatis

62 1359 72 1415 s
96 1337 192 1410 poeta,
216 1338 268 1410 qui
285 1336 355 1395 inde
374 1356 391 1395 a
413 1337 598 1413 temporibus
615 1336 736 1397 Nicolai
754 1335 783 1391 V
802 1355 899 1413 papae
922 1336 1011 1395 laude
1035 1340 1124 1396 artis,

96 1424 227 1499 poeticae
250 1426 330 1501 apud
353 1426 492 1501 aequales
514 1426 624 1501 fiomit,
648 1426 809 1485 admodum
830 1443 927 1501 pauca
948 1429 1109 1485 memoriae

95 1514 213 1587 prodita
245 1517 321 1573 sunt.
367 1515 414 1574 Ne
445 1535 552 1574 nomen
585 1514 706 1591 quidem
737 1514 924 1592 gentilicium
955 1518 1110 1593 cognitum

66 1626 67 1629 ¹
96 1600 247 1678 habemus,
280 1622 459 1679 praenomen
483 1604 520 1663 ab
543 1606 618 1681 ipso,
651 1624 718 1664 cum
751 1602 868 1663 Galixto
891 1603 938 1662 III
969 1604 1110 1681 pontifice

96 1710 168 1749 max.
193 1692 345 1768 scriptoris
374 1694 531 1769 apostolici
556 1713 677 1753 munere
709 1694 891 1771 fungeretur,
924 1692 1109 1752 scribebatur

96 1776 251 1855 Horacius,
284 1783 316 1839 in
349 1783 514 1841 carminum
546 1784 648 1841 autem
679 1800 756 1858 quae
786 1781 916 1840 inveniri
946 1785 1115 1856 potuemut'

95 1869 335 1945 inscriptionibus
366 1872 477 1948 legitur
501 1868 624 1931 Oracius
651 1872 701 1931 vel
725 1868 860 1945 Oratim,
892 1871 1047 1945 utiturque
1070 1891 1105 1946 ea

95 1959 220 2017 nominis
256 1959 354 2017 forma
383 1960 514 2020 Joannes
546 1961 677 2035 Vahlen,
714 1980 782 2019 oum
812 1959 943 2019 breviter
975 1961 1041 2037 agit
1071 1961 1107 2019 de

95 2050 181 2120 poeta
217 2049 250 2105 in
287 2050 498 2108 commentario
536 2052 588 2125 qui
623 2049 797 2109 inscribitur
822 2048 979 2107 Laurentii
1001 2048 1108 2107 Vallae

95 2137 234 2211 opuscula
265 2138 327 2196 tria
359 2130 645 2218 (Sitzimgsberichte
679 2138 706 2197 d.
730 2123 893 2215 phil-hist
925 2136 1026 2196 Oiasso
1054 2138 1108 2197 der

93 2222 171 2284 Kais.
195 2224 291 2286 Ahad.
312 2227 363 2284 der
381 2226 559 2286 Wissensch.
579 2228 637 2287 vol.
651 2227 729 2301 LXI,
743 2227 832 2285 Wien
855 2227 949 2302 1869,
972 2247 1000 2302 p.
1017 2220 1105 2308 377).

157 2313 302 2375 Horatius
325 2315 443 2391 quando
466 2318 554 2375 natus
578 2318 619 2375 sit
640 2318 779 2393 ignotum
798 2319 851 2389 est,
873 2335 968 2373 unum
990 2335 1106 2375 summa

92 2421 156 2461 cum
179 2406 244 2462 veri
266 2406 363 2480 speeie
391 2404 450 2465 dici
477 2408 578 2481 potest
608 2406 707 2481 prima
739 2406 812 2464 artis
844 2405 979 2479 poeticae
1011 2407 1105 2480 speei-

90 2494 171 2550 mina
203 2494 283 2551 circa
313 2493 445 2552 medium
477 2495 628 2553 saeculum
661 2495 799 2569 quintum
830 2493 977 2551 decimum
1004 2493 1042 2552 ab
1071 2514 1106 2553 eo

90 2599 152 2639 esse
184 2582 273 2640 edita.
320 2582 417 2653 Quare
441 2584 467 2641 si
493 2615 530 2623 —
555 2584 588 2641 id
620 2571 703 2659 quod
731 2602 749 2640 a
781 2602 851 2643 vero
883 2583 935 2641 vix
965 2582 1106 2641 videatur

89 2669 246 2729 abhorrere
270 2702 312 2711 —
336 2672 448 2731 Romae
472 2674 654 2748 optimarum
677 2674 787 2731 artium
810 2671 917 2731 studiis
943 2673 1104 2747 imprimis-

89 2778 145 2833 que
180 2759 302 2837 linguae
348 2778 471 2837 graecae
517 2761 691 2821 ediscendae
727 2779 849 2837 operam
885 2779 953 2819 eum
989 2761 1105 2819 dedisse

88 2847 278 2923 arbitramur,
301 2850 463 2925 praeclaris
481 2851 583 2926 potuit
596 2851 643 2909 uti
660 2850 827 2928 magistris:
850 2847 978 2925 Georgio
993 2850 1103 2925 Trape-

88 2938 198 3013 zuntio,
227 2937 390 2997 Laurentio
413 2938 511 3013 Valla,
541 2939 696 2999 Theodoro
721 2937 801 2997 Gaza
826 2941 898 2999 tunc
926 2939 1007 3015 apud
1035 2937 1104 2997 scu-

87 3025 171 3085 dium
203 3026 282 3102 quod
314 3027 424 3087 dicitm
455 3027 623 3087 Romanum
658 3029 840 3087 rhetoricam
876 3030 1104 3105 grammaticam

85 3116 308 3190 philosophiam
339 3116 554 3192 profitentibus
601 3118 749 3194 Tempora
780 3120 880 3175 autem
912 3120 998 3175 erant
1027 3118 1104 3190 eins·

84 3204 176 3280 modi,
209 3207 243 3263 ut
270 3206 330 3265 viri
361 3207 442 3265 docti
469 3209 500 3265 et
530 3209 636 3282 poetae
668 3206 796 3284 gloriam
828 3205 887 3265 sibi
918 3208 949 3264 et
980 3204 1103 3265 divitias

85 3312 259 3369 comparare
282 3298 416 3369 possent:
440 3314 518 3353 anno
542 3296 622 3355 enim
646 3297 731 3355 1447
755 3295 897 3355 Nicolaus
918 3296 946 3352 V
968 3314 1048 3371 papa
1070 3296 1103 3352 in

64 3379 162 3442 'solio
199 3382 354 3458 pontificio
390 3385 506 3443 locatus
540 3387 605 3444 erat
640 3384 813 3461 praeclarus
845 3385 898 3443 ille
932 3385 1103 3443 litterarum

82 3472 255 3547 artiumque
277 3472 379 3532 fautor
402 3476 492 3549 atque
514 3477 666 3549 patronus.
715 3471 805 3533 (iuius
828 3474 1052 3534 benevolentiae
1071 3478 1103 3533 et

68 3560 263 3619 'liberalitati
286 3564 320 3620 ut
343 3580 374 3621 se
398 3562 631 3637 commendaret,
653 3562 799 3622 Horatius
826 3581 904 3622 anno
927 3566 962 3621 ut
984 3564 1104 3623 videtur

357 3684 572 3774 rumai
852 3661 888 3714 ὃ*
