2659 3909
276 261 325 315 Da*
345 250 620 316 CONIVRATIONE
638 261 823 316 POROARIA
840 261 1022 317 DIALOGVS
1109 262 1152 327 65

133 412 181 471 ad‘
194 414 319 472 totalem
351 413 472 471 ruinam
499 411 674 488 devenerat,
705 415 803 472 totam
833 413 899 472 fieri
932 432 966 473 ac
998 414 1154 474 ecclesiam

133 504 230 561 sancti
254 501 402 561 Theodori
429 520 519 577 super
541 501 745 561 fundamentis
773 502 907 577 antiquis
935 501 1032 579 primo
1060 504 1152 562 etiam

133 590 169 649 de
192 591 334 650 mandato
358 609 428 650 suae
452 592 621 650 sanctitatis
644 593 856 666 constructam,
886 591 992 650 deinde
1014 611 1074 651 uno
1097 594 1153 651 im·

133 683 205 757 petu
242 680 359 739 defectu
399 680 661 739 fundamentorum
697 681 818 756 penitus
859 679 1007 739 dirrutam
1042 683 1153 741 iterum

107 770 238 831 estatim
261 788 279 828 a
302 768 505 829 fundamentis
528 771 614 828 novis
637 768 803 828 reedificari
821 787 856 828 ac
878 769 1013 828 tribunal
1035 771 1152 847 magni·

132 858 222 918 ficum
245 861 275 917 et
298 860 506 934 sumptuosum
526 858 669 917 basilicae
683 860 790 918 sancti
812 857 908 931 Petri,
937 861 1022 917 cuius
1046 859 1152 918 funda·

132 950 266 1006 mentum
283 960 391 1021 'usque
422 946 461 1005 ad
486 938 628 1007 ¹centrum
659 950 757 1005 terrae
789 947 972 1025 profundum
994 950 1100 1007 existit
1122 952 1152 1008 et

132 1036 303 1096 latitudiuis
322 1036 492 1095 cubitorum
509 1036 602 1110 XXV,
613 1114 615 1119 Ι
626 1037 767 1096 similiter
789 1036 921 1095 construi
941 1055 976 1095 ac
997 1036 1152 1096 eeclesiam

133 1125 244 1184 beatae
261 1125 375 1183 Mariae
398 1125 559 1184 rotundam
578 1126 614 1184 de
632 1126 741 1185 lamnis
765 1125 915 1202 plumbeis
934 1128 1031 1185 totam
1049 1144 1153 1202 coope-

94 1236 120 1276 10
133 1204 291 1272 arefacit.
373 1204 395 1229 ⁵

143 1335 145 1341 .
200 1302 233 1359 F.
269 1302 319 1361 Ita
346 1306 400 1379 est,
432 1304 463 1361 et
488 1302 584 1377 credo,
618 1321 693 1377 quae
717 1302 801 1378 dicis,
833 1302 946 1378 doctor,
978 1303 1015 1363 de
1037 1304 1150 1364 iudicio

135 1391 190 1449 deii¹
219 1391 349 1451 ·Audivi
381 1394 460 1450 enim
492 1392 583 1450 etiam
616 1410 635 1449 a
665 1394 752 1468 patre
783 1410 864 1466 mee,
901 1392 982 1467 quod
1018 1395 1153 1468 tempore

134 1473 262 1557 Eugenii
280 1490 282 1495 '
299 1484 399 1556 papae*
422 1470 486 1539 HII¹
518 1480 612 1555 aliqui
635 1480 793 1555 presbiteri
823 1482 969 1541 avaritiae
1000 1484 1153 1558 pravitate

134 1570 216 1627 caeci
238 1587 370 1646 gemmas
394 1571 601 1645 preciosiorcs,
630 1588 707 1644 quae
736 1573 822 1629 crant
849 1572 929 1629 circa
956 1574 1057 1646 capita
1083 1571 1153 1631 bea-

95 1679 120 1720 1c
134 1659 234 1716 torum
259 1658 469 1734 'apostolorum
491 1658 575 1717 Petri
604 1660 635 1716 et
657 1657 754 1736 Pauli,
778 1659 886 1718 callide
908 1661 1003 1717 furati
1032 1662 1154 1719 fuerunt

8 1762 12 1781 ·
135 1749 166 1805 et
189 1747 346 1824 divulgato
369 1747 450 1806 furto
474 1748 616 1825 fugerunt
638 1748 773 1807 volentes
795 1750 839 1806 ire
862 1748 1035 1824 Neapolim3
1065 1749 1152 1808 itine-

133 1828 242 1895 rabant
272 1830 319 1895 die
346 1839 508 1911 noctuque;
540 1836 660 1912 quando
690 1836 850 1895 credebant
877 1855 940 1896 esse
968 1838 1049 1914 apud
1075 1838 1153 1896 Nea·

133 1926 237 2001 polim,
268 1926 458 2000 reperiebant
490 1943 520 1983 se
552 1926 639 1984 iuxta
661 1924 789 1983 Romam
819 1929 849 1984 et
880 1927 936 1984 hoc
967 1946 1022 2003 per
1052 1927 1153 2003 plures

136 2006 198 2072 dies
231 2014 330 2073 evenit
361 2016 404 2073 eis
432 2017 462 2073 et
494 2016 577 2089 capti
607 2015 652 2072 ita
685 2017 756 2073 sunt
785 2015 925 2089 confessi,
961 2016 1153 2091 postmodum

95 2125 121 2165 eo
134 2102 241 2161 ultimo
275 2103 421 2179 supplicio
454 2099 531 2176 dati,
563 2103 607 2161 ita
640 2103 720 2177 quod
751 2104 930 2162 mirabiliter
961 2104 1072 2164 iudicio
1105 2105 1153 2164 dei

135 2191 277 2250 confundi
300 2192 386 2251 credo
410 2210 610 2267 quoscunque,
634 2192 687 2267 qui
710 2210 825 2251 sacram
847 2192 1024 2269 religionem
1046 2213 1098 2254 seu
1120 2197 1154 2253 in

133 2280 222 2339 rebus
250 2298 301 2339 seu
324 2283 356 2339 in
383 2282 517 2357 personis
544 2281 685 2358 religioni
711 2280 856 2341 dedicatis
884 2284 1101 2359 contempnunt
1124 2286 1154 2341 et

136 2368 296 2427 offendunt.
440 2410 442 2417 .

202 2456 236 2515 B.
276 2455 408 2533 Gaudeo,
432 2458 512 2534 quod
535 2462 637 2536 gustes
659 2459 734 2517 haec
757 2458 869 2534 divina,
892 2458 937 2517 fili
959 2461 1010 2518 mi.

95 2568 120 2608 ee
201 2545 234 2604 F.
273 2544 331 2605 Sed
366 2548 488 2605 interim
519 2546 606 2606 bonis
637 2547 771 2623 pecuniis
803 2566 914 2624 papae,
946 2548 1153 2623 cardinalium,

135 2635 302 2711 curialium,
332 2638 540 2712 mercatorum,
567 2636 731 2696 forensium
757 2638 854 2711 raptis
878 2636 1046 2713 Stephanus
1069 2656 1100 2697 se
1124 2644 1154 2697 et

134 2725 279 2799 populum
306 2725 522 2785 substentasset
545 2728 575 2784 et
601 2744 682 2802 papa
705 2727 747 2784 sic
775 2726 847 2785 urbe
870 2729 901 2785 et
928 2726 1014 2785 bonis
1043 2727 1153 2803 spolia-

2 2846 19 2877 ,ι
135 2815 184 2871 tus
204 2815 365 2889 'pecuniam
387 2833 442 2891 pro
469 2833 588 2895 guerra¹
605 2834 665 2873 non
693 2814 854 2874 habuisset.
899 2814 1074 2891 Forsanque
1101 2836 1153 2875 rex

2 2886 3 2915 ἶ
135 2894 310 2980 Aragcnum
332 2902 381 2962 vel
404 2902 514 2979 aliquis
536 2903 784 2963 baroRomanus
808 2902 960 2980 Stephano
988 2903 1154 2965 subsidium

2 3056 3 3059 ,
95 3013 121 3052 so
135 2993 315 3067 porrexisset
329 2994 383 3051 aut
395 2994 517 3051 interim
531 2992 669 3051 fortassis
683 2992 825 3051 Nicolaus
838 3012 920 3069 papa
933 2994 962 3051 V
980 2993 1154 3054 decessisset

136 3082 166 3138 et
194 3080 270 3139 elius
301 3082 429 3141 forsitan
460 3082 703 3141 ultramontanas
735 3084 905 3157 assumptus
938 3082 976 3141 ad
1008 3085 1154 3159 papatum

208 3273 276 3321 dac
295 3272 448 3338 sumptucs.
469 3268 505 3323 K.
552 3269 631 3323 cuius
658 3268 738 3323 fund.
764 3270 808 3323 est
834 3269 1007 3337 profundum
1033 3288 1095 3339 usq.
1115 3270 1153 3323 ad

137 3342 222 3392 centr.
242 3342 315 3393 terre
334 3342 371 3395 K.
395 3343 404 3410 11
426 3344 443 3393 8
463 3341 587 3394 construi
614 3340 684 3394 fecit
702 3342 740 3395 K.
763 3343 772 3410 11
796 3345 811 3391 9
830 3341 981 3394 rotundam
1008 3344 1099 3396 totum
1119 3342 1153 3394 de

135 3408 248 3463 laminis
280 3411 422 3479 plumbeis
451 3411 588 3480 cooperiri
606 3413 644 3466 K.
681 3411 765 3465 lamis
789 3412 818 3467 V.
847 3413 856 3481 11
884 3418 916 3466 11
936 3412 981 3466 Ita
1009 3414 1052 3467 est
1070 3413 1153 3467 credo

136 3495 191 3549 qne
210 3481 247 3533 K.
271 3484 280 3549 11
304 3487 337 3535 12
357 3483 443 3535 etiam
462 3483 533 3537 decet
550 3484 588 3537 K.
603 3486 612 3553 11
634 3489 666 3536 21
688 3499 868 3551 quoscunque
887 3485 959 3538 deest
976 3485 1015 3538 K.
1038 3486 1047 3553 1
1070 3489 1106 3537 25
1125 3486 1154 3537 et

136 3551 265 3620 pecuniis
284 3554 320 3606 K.
349 3555 358 3622 11
385 3558 418 3606 27
439 3554 474 3607 B.
494 3556 590 3623 arcuit
615 3556 661 3609 bec
693 3555 767 3609 dieta
799 3555 918 3622 iuferius
941 3555 967 3609 V
991 3556 1021 3607 in
1038 3572 1125 3625 marg.
1144 3556 1154 3626 11

137 3628 170 3677 29
190 3623 327 3677 auxilium
346 3623 516 3693 porrexisset
534 3642 566 3678 ac
586 3626 624 3679 K.
639 3628 648 3694 11
663 3631 695 3679 31
715 3625 760 3681 vel
780 3625 853 3679 alius
873 3627 911 3680 K.

189 3722 302 3763 Horatius
316 3722 434 3763 Romanus
449 3724 483 3763 ed.
498 3723 651 3765 Lehnerdt.
922 3722 938 3771 ὅ
