2659 3909
490 224 697 279 PRAEFATIO
1079 224 1100 278 V

91 374 196 434 librum
227 379 291 433 tam
323 375 375 433 diu
407 374 615 435 desideratum.
662 377 718 435 nst
749 377 841 435 codex
873 378 936 435 826
971 377 1103 454 catalogi

91 463 168 541 typis
190 455 368 545 impressi1),
392 465 510 524 noviter
532 466 669 542 signatus
692 465 745 523 Ms.
769 484 832 525 var.
852 468 926 539 411,
956 465 1102 523 membra-

91 572 203 629 naceus,
222 553 320 613 forma
339 555 445 611 octava
458 556 580 613 minore.
628 553 754 613 Constat
771 573 806 612 ex
825 555 936 614 chartis
956 556 1007 629 36,
1030 574 1102 630 quo-

90 662 154 700 rum
176 643 307 719 primum
339 643 505 719 ultimaque
532 644 592 702 tria
619 645 705 703 textu
737 645 852 712 carent,
884 643 1027 706 lateribus
1051 643 1103 701 ubi

91 732 215 791 dissecta
238 735 308 792 sunl
320 732 396 790 folia
410 751 482 791 auro
506 734 617 811 tinctis.
662 733 700 791 In
722 733 849 809 singulis
867 733 986 811 paginis
1005 734 1103 791 viceni

91 821 159 900 bini,
180 824 212 879 in
235 822 338 897 paucis
362 822 459 881 viceni
482 822 593 901 singuli
615 840 718 881 versus
740 840 831 880 manu
854 822 963 881 Italica
991 822 1103 881 saeculi

91 911 184 985 quinti
217 910 324 969 decimi
361 909 582 987 elegantissime
619 912 725 987 scripti
759 914 832 970 sunt
867 911 993 989 singulis
1029 912 1103 969 locis

90 1000 215 1058 secunda
252 999 383 1058 eiusdem
415 1000 528 1059 saeculi
559 1019 650 1058 manu
683 1001 831 1060 correctis.
883 999 964 1070 Quae
996 1018 1102 1058 manus

89 1089 185 1147 nescio
205 1108 243 1147 an
261 1090 294 1146 in
316 1089 451 1165 margine
475 1108 592 1165 quoque
617 1089 807 1148 adnotaverit
831 1091 953 1147 nomina
979 1091 1104 1165 propria

90 1197 163 1253 quae
185 1178 218 1235 in
240 1180 325 1236 textu
355 1180 514 1236 occurrunt
536 1179 585 1237 vel
615 1178 746 1237 attinent
774 1178 812 1235 ad
842 1178 982 1237 carminis
1012 1178 1103 1236 verba

88 1268 196 1325 rectius
219 1266 432 1343 intellegenda,
456 1266 549 1325 ctiam
572 1268 705 1344 graviter
728 1267 874 1341 quaedam
897 1267 1042 1340 dicta,·:··in
1065 1266 1103 1323 iis

88 1358 152 1415 loca
175 1355 214 1414 ad
236 1356 364 1432 gloriam
392 1354 541 1430 pontificis
567 1356 763 1431 pertinentia,
790 1358 921 1431 itemque
950 1370 1102 1430 compara·

88 1446 182 1504 tiones
214 1446 349 1521 poeticae
381 1443 412 1501 in
444 1447 579 1522 margine
611 1446 691 1504 notis
723 1446 868 1521 appositis
901 1445 1103 1521 designantur.

87 1535 122 1591 In
144 1535 241 1610 primo
265 1534 339 1593 folio
362 1552 454 1592 manu
478 1534 588 1593 saeculi
611 1536 733 1609 septimi
755 1534 863 1594 decimi
887 1534 998 1610 legitur
1021 1534 1104 1591 locus

88 1624 209 1697 quidam
246 1642 281 1681 ex
318 1622 458 1681 Sabellici
490 1623 559 1681 hist.
578 1622 651 1681 Ven.
671 1624 723 1681 lib.
742 1623 870 1681 XXVH⁰
907 1625 1061 1697 excerptus
1069 1613 1104 1702 ²),

87 1713 138 1770 ubi
170 1712 235 1789 agit
267 1712 302 1770 de
335 1710 539 1772 coniuratione
572 1711 718 1787 Stephani
745 1711 887 1771 Poroarii.
921 1711 977 1770 Oui
1008 1711 1105 1769 altera

86 1820 185 1875 manu,
206 1820 291 1876 quae,
303 1803 339 1859 ut
358 1800 490 1859 affirmat
503 1800 683 1859 Vermeulen
696 1802 715 1858 l.
727 1820 760 1875 c,
780 1801 874 1876 ipsius
889 1802 934 1860 est
947 1799 1105 1873 Buchellii,

87 1891 190 1949 addita
214 1892 284 1949 sunt
306 1890 391 1949 haec:
423 1892 478 1949 heo
504 1892 677 1949 narratione
708 1892 870 1949 coutamur
901 1894 1105 1963 argumentum

86 1982 174 2038 lmus
192 1981 345 2052 poematis.
391 1981 475 2037 cuius
498 1996 608 2053 quoquc
630 1982 675 2038 mi
696 1981 829 2038 meminit
845 1979 967 2038 Platiae
988 1981 1022 2037 m
1043 1980 1105 2036 uita

85 2070 159 2129 Nic:
188 2069 220 2128 V.
239 2069 356 2141 pontif:
388 2072 414 2127 et
445 2086 479 2127 ec
506 2085 537 2127 eo
570 2068 716 2127 Bmlcrus
747 2071 781 2127 m
812 2069 971 2142 thcmere'
1002 2068 1106 2126 Hiero:

80 2178 126 2232 pa
145 2160 197 2217 27.
221 2190 265 2197 —
289 2156 402 2216 Eadem
433 2158 469 2214 ut
500 2157 639 2216 videntur
671 2176 763 2215 manu
792 2156 823 2214 in
856 2158 963 2215 ultima
995 2156 1105 2215 codicis

85 2248 199 2324 pagina
222 2248 334 2323 scripta
357 2245 498 2323 leguntur

221 2354 312 2411 Hmm
334 2353 443 2411 librum
466 2354 534 2411 emit
555 2354 588 2411 m
612 2355 745 2411 auctione
766 2351 791 2409 S
811 2350 1039 2426 Aldepomdimc

221 2459 265 2518 A⁰
285 2454 357 2519 (D
386 2457 432 2521 Ι)
461 2460 484 2517 Ι
487 2454 509 2519 ί
532 2457 685 2517 Amoldus
708 2459 880 2517 Buchcllius
902 2458 1050 2517 Batauus.

156 2567 220 2636 Quo
254 2566 353 2626 codice
386 2586 463 2642 quae
495 2567 686 2625 continentur
718 2584 785 2623 oum
816 2566 905 2641 plane
938 2567 1106 2642 congruant

85 2676 155 2715 cum
181 2655 360 2713 carminibus
384 2656 527 2714 aVossio
551 2655 652 2714 allatis
675 2673 734 2712 non
758 2654 845 2713 debet
868 2654 1008 2728 dubitari,
1033 2655 1105 2729 quin

85 2745 164 2804 liber
188 2745 493 2804 Rheno-Traiectinus
521 2745 601 2802 idem
629 2745 669 2802 sit
696 2762 755 2818 quo
784 2744 934 2819 quondam
962 2762 1032 2802 usus
1060 2746 1107 2800 est

85 2834 221 2894 Vossius.
267 2832 313 2891 De
336 2833 470 2891 Arnoldo
498 2833 653 2892 Buchellio
682 2834 796 2891 minore
823 2833 1033 2891 iurisconsultc
1060 2851 1105 2889 re-

84 2943 215 2999 rumque
238 2923 383 2997 scriptore
405 2922 486 2981 haud
508 2922 643 2999 ignobili,
673 2920 724 2996 qui
746 2920 823 2980 vixit
846 2921 883 2980 ab
911 2940 988 2980 anno
1019 2921 1104 2980 1565

84 3032 184 3089 usque
208 3012 246 3070 ad
271 3031 381 3070 annum
407 3002 539 3092 16453),
566 3012 735 3088 nuperrime
761 3011 825 3087 egit
847 3030 906 3069 van
928 3008 1106 3087 Langeraad

163 3220 189 3286 1)
209 3214 298 3270 Catal.
332 3216 412 3271 codd.
445 3234 510 3270 mss.
545 3217 732 3271 bibliothecae
768 3214 962 3269 universitatis
995 3214 1106 3267 Rheno-

85 3286 276 3356 Traiectinae,
296 3288 419 3343 Traiecti
438 3288 474 3341 ad
492 3288 622 3343 Rhenum
642 3293 719 3355 1881,
738 3306 765 3357 p.
781 3292 842 3341 213.

163 3360 190 3427 2)
208 3358 259 3412 Ed.
278 3358 364 3413 Basil.
385 3364 454 3413 1669
473 3378 500 3429 p.
516 3365 576 3413 520.
613 3358 730 3428 Incipit:
750 3358 801 3412 His
815 3358 899 3411 minis
918 3356 1057 3411 bellorum
1072 3388 1105 3395 -

84 3429 184 3498 Expl:
206 3429 242 3483 ad
262 3430 429 3499 supplitium
446 3433 554 3485 tractus
573 3433 623 3485 eet.

162 3503 189 3571 3)
207 3500 418 3554 Burmannus
438 3501 608 3573 (Traiectum
626 3502 768 3555 eruditum
782 3500 856 3553 irai.
872 3500 908 3553 ad
923 3499 1011 3553 Rhen.
1028 3503 1106 3565 1738,

83 3590 112 3641 p.
131 3577 178 3641 38)
198 3588 262 3626 eum
282 3588 354 3625 anno
375 3578 442 3626 1641
462 3575 604 3625 mortuum
623 3588 684 3627 esse
702 3571 798 3625 trudit.
