2659 3909
575 219 760 275 Pcacnaln

22 396 23 399 ¹
117 394 144 433 ec
158 370 302 431 Dicebam
324 371 441 431 infelix:
463 371 522 431 Per
543 374 574 430 te
597 372 639 430 mi
662 375 732 431 nate
755 390 912 448 meamque

160 459 308 520 Canitiem
331 461 471 535 obtestor,
493 463 610 520 nostros
634 461 739 520 orbare
762 463 886 537 penates

158 550 203 609 Ne
226 568 375 626 properes,
399 551 506 609 animis
528 550 591 608 iam
613 549 699 609 frena
722 550 886 611 calentibus
909 551 993 610 adde.

159 638 192 697 Si
214 641 244 699 te
267 658 354 699 verua
379 658 471 715 amor,
493 639 591 714 pietas
615 641 642 698 si
664 658 736 698 vera
758 643 883 714 teneret,

157 728 226 787 Non
248 730 379 805 patriam
401 727 517 787 insidiis
541 728 644 787 divum
666 746 721 787 nec
743 729 848 788 fraude
871 731 1026 806 parentem

116 836 143 878 es
160 816 311 893 Captares.
356 816 461 876 Patres
486 816 604 876 abolere
627 816 660 874 in
682 835 757 893 pace
779 821 914 894 repostos

159 904 236 974 Quid
259 907 318 965 nisi
340 908 427 965 triste
449 904 584 965 malum?
605 906 705 965 Nimis
729 925 746 965 ο
769 908 834 965 fera
857 908 955 984 gloria
977 926 1069 986 regno

156 994 381 1070 Ventcsumque
405 995 493 1053 decus
515 995 664 1054 tumidum
687 999 718 1055 te
739 997 877 1056 insistere
899 998 1003 1056 euasit.

158 1084 254 1153 Quam
276 1084 382 1143 melius
405 1086 515 1143 teneris
539 1085 672 1143 animam
693 1084 847 1163 vagitibus
870 1085 943 1144 olim
974 1090 996 1132 Ἀ

157 1172 316 1233 Inclusisse
339 1172 404 1247 tibi,
428 1173 546 1233 sceleris
569 1173 641 1232 dum
663 1175 763 1234 nescia
784 1175 864 1233 tanti

115 1281 142 1321 11
155 1261 240 1320 Mens
263 1261 322 1320 fuit
346 1264 436 1337 atque
459 1265 541 1321 aetas
564 1265 685 1339 poterat
706 1263 848 1322 minuisse
871 1262 987 1323 deleres

155 1350 297 1409 Nondum
318 1351 385 1410 lnce
409 1370 514 1429 graves
538 1355 569 1410 11
591 1350 821 1427 pubescentibus
844 1354 942 1411 annis!

154 1438 221 1497 Iam
243 1439 304 1497 iam
326 1444 416 1515 parta
439 1442 524 1515 quies
546 1442 668 1516 populis
691 1444 722 1499 11
743 1442 847 1500 funere
869 1460 941 1501 vera
1003 1445 1005 1450 '

155 1526 291 1588 Libertas
315 1531 429 1588 sancita
451 1532 504 1589 tuo
528 1532 586 1605 est3
610 1529 706 1589 scelus
728 1549 816 1589 omne
837 1532 959 1590 recessit

154 1616 195 1675 nt
217 1618 307 1677 furor.
353 1617 432 1677 Huic
454 1620 573 1678 tantum
596 1621 722 1678 miserae
745 1620 866 1678 fortuna
888 1619 1030 1695 superbit.

113 1726 139 1766 11
155 1704 233 1775 Quid
255 1705 374 1766 moror?
398 1707 485 1766 amisi
508 1708 625 1766 natum!
648 1708 731 1766 Num
752 1711 871 1784 tempus
895 1707 1008 1769 acerbis

153 1795 219 1854 Iam
241 1796 354 1872 poterit
375 1798 477 1857 tantos
499 1796 630 1856 lacrimis
652 1797 748 1857 lenire
770 1796 888 1856 dolores

153 1883 224 1944 Plus
247 1885 324 1944 mihi
345 1889 440 1945 mcrte
463 1883 589 1963 graves?
613 1886 764 1961 Tctcsque
787 1887 819 1945 in
842 1886 972 1945 luctibus
995 1905 1090 1947 annos

153 1973 262 2052 Exiget
284 1975 390 2033 infelix
413 1976 499 2035 annis
522 1976 690 2053 glomerata
712 1978 856 2035 senectus.

153 2059 178 2121 Ο
203 2062 246 2121 dii
269 2065 295 2123 si
317 2067 450 2122 vestrum
474 2067 519 2122 est
540 2063 676 2122 misereri
699 2067 729 2123 et
751 2082 874 2140 parcere
896 2066 985 2124 vietis

99 2170 138 2211 111
153 2151 216 2210 Aut
239 2153 265 2211 si
289 2172 347 2227 qua
371 2155 417 2211 est
438 2153 535 2228 pietas
558 2152 894 2227 usquammcrtalibus,
918 2172 1006 2213 auras

152 2240 291 2300 Aetheris
313 2241 425 2301 invisas
448 2244 627 2317 tenuemque
650 2242 795 2301 includite
818 2242 923 2318 lucem,

152 2328 250 2407 Figite
274 2332 327 2405 qui
348 2330 447 2389 valuit
469 2333 570 2390 tantos
593 2330 743 2406 peperisse
766 2332 882 2391 furores

151 2416 305 2479 Infelicem
328 2422 447 2477 uterum
469 2420 616 2494 iustisque
639 2422 754 2480 exurite
775 2420 912 2493 flammis,

151 2505 232 2565 Dum
255 2506 341 2567 dolor
363 2512 505 2585 exuperat
527 2508 606 2567 vires
630 2513 661 2569 et
683 2509 798 2569 lumina
820 2509 901 2568 vitae

98 2593 283 2655 1110111111
306 2596 427 2665 affectat
449 2599 553 2676 nigrae
576 2616 642 2674 spes
666 2598 754 2657 anxia
777 2600 890 2658 mortis.
914 2630 959 2640 -

151 2684 270 2744 Desinit
292 2688 325 2743 in
348 2686 496 2759 lacrimas,
519 2688 628 2745 iterum
650 2688 765 2746 furiata
786 2688 895 2746 seniles

152 2772 303 2851 Sanguine
326 2775 461 2850 perfusos
484 2776 584 2834 villius
608 2776 744 2835 laniabat
766 2779 862 2835 acutis

150 2861 307 2941 Unguibus
331 2867 361 2923 et
383 2866 481 2923 terrae
503 2865 633 2924 frontem
655 2884 798 2925 concussa
820 2865 976 2925 recumbit.

194 2953 257 3012 Nec
279 2954 377 3012 minus
400 2953 546 3013 horrende
570 2954 689 3013 diversa
709 2954 743 3013 in
764 2958 851 3030 parte
873 2955 1007 3014 tumultu

96 3060 136 3101 111
149 3041 313 3101 Miscentur
335 3060 450 3116 manes3
473 3043 595 3119 rapiunt
618 3062 711 3121 genus
735 3038 849 3123 [omne]
873 3043 1008 3103 fimorum

149 3130 329 3191 Eumenides
351 3134 533 3207 rapiuntque
557 3131 655 3191 virum
677 3132 848 3208 feriuntque
870 3135 1030 3209 ruuntque,

149 3218 272 3279 Viscera
295 3220 476 3279 collacerant
499 3223 529 3279 et
553 3220 677 3281 aduncis
699 3221 850 3298 unguibus
875 3240 957 3281 acres

148 3307 312 3368 Vulnificcs
334 3312 446 3385 raptim
469 3312 606 3369 exercent
627 3329 683 3386 per
704 3311 836 3369 membra
859 3310 984 3371 labores.

148 3395 234 3455 Unde
257 3398 345 3457 duces
367 3398 446 3457 bello
470 3399 552 3472 clari,
576 3398 628 3475 qui
649 3402 786 3475 proxima
809 3402 931 3459 servant

221 3590 272 3638 110
291 3584 371 3639 deest
388 3601 465 3639 omae
