2659 3909
518 202 702 259 PORCARIA

47 380 87 419 ees
102 357 263 417 Graiorum
285 360 370 416 vates
394 358 424 415 et
446 355 519 415 felix
540 355 666 415 Mantua
689 355 806 429 Troem,

102 446 159 506 Hic
182 446 240 505 nisi
262 464 349 504 nemo
372 445 440 520 fuit,
462 447 580 504 nostras
604 444 656 519 qui
679 445 809 503 carmine
831 441 935 501 landes

101 536 203 596 Altius
227 534 375 610 extulerit,
399 537 516 611 patrem
541 534 592 609 qui
614 532 720 591 tollere
744 550 861 592 sacrum

102 625 228 699 Nititur,
251 624 283 683 in
305 625 381 684 viles
400 642 471 683 usus
490 625 526 681 ni
549 624 666 701 mergat
690 625 814 700 egestas.

148 712 271 774 Talibus
295 713 451 789 obstupuit
474 712 561 772 dietis
584 710 728 771 Aretinus
751 712 783 770 et
805 711 880 769 actis

48 824 89 864 uro
103 801 288 863 Collustrans
312 803 415 876 oeulis,
438 801 585 861 dubiusne
608 801 737 859 illuserit
761 801 825 858 arte

6 946 9 955 .
103 892 169 952 Aut
192 911 246 967 ope
270 891 382 951 Peonia
404 891 497 951 tuerit
519 892 675 949 revocatus
699 887 736 947 ab
760 887 858 964 crebo,

103 981 188 1051 Quae
211 982 332 1040 fortuna
355 980 453 1039 vinum
475 980 666 1039 circumferat
687 977 798 1037 inscius
820 977 932 1036 haeret.

104 1068 220 1129 Obtutu
242 1073 379 1147 spectans
402 1069 534 1127 humeris
557 1068 678 1127 haerere
700 1067 837 1140 lacertos,

103 1159 238 1218 Membra
261 1158 349 1218 simul
372 1158 442 1217 vivo
465 1157 585 1234 penitus
604 1147 757 1233 dpirantia
779 1155 868 1233 pulsu

50 1270 90 1309 ers
104 1248 246 1307 Miratur:
270 1246 342 1317 Quis
364 1251 395 1306 te
417 1247 511 1305 traxit
533 1264 658 1306 casusne
681 1246 790 1305 deusne

106 1337 232 1396 Sedibus
255 1337 394 1414 estigiis
417 1338 563 1414 nigroque
587 1353 740 1411 erumpere
763 1334 882 1393 Averno

103 1426 152 1483 Ad
175 1444 305 1501 superne,
329 1443 396 1483 cum
418 1428 466 1484 tot
487 1425 598 1483 Furiae
620 1426 707 1483 iuxta
729 1423 808 1481 atria
829 1421 919 1495 Ditis,

105 1514 226 1593 Gorgon
249 1518 279 1573 et
301 1513 440 1573 horrendi
463 1518 562 1574 eustos
585 1515 626 1573 sit
649 1510 795 1571 Cerberus
818 1508 918 1569 antri?

104 1604 153 1662 An
177 1622 314 1681 superum
338 1604 422 1663 iussu
444 1604 557 1677 venias,
580 1605 614 1661 ut
635 1603 743 1660 luseris
766 1603 830 1660 arte

50 1714 91 1753 eso
104 1693 254 1761 Mentibus
278 1694 416 1753 humanis
439 1692 567 1768 fictoque
590 1693 621 1750 in
645 1710 768 1767 corpore
790 1690 892 1749 vultus

105 1780 253 1856 Ostentes,
276 1782 378 1857 quales
401 1783 501 1841 tenuit
523 1781 594 1840 dum
617 1782 726 1839 vixerit
749 1779 799 1838 ille

105 1871 214 1947 Scipio,
238 1890 328 1947 quem
351 1890 445 1947 nuper
467 1888 546 1930 vana
568 1870 705 1929 mentiris
727 1871 760 1927 in
783 1864 908 1926 umbra?

105 1960 186 2039 Saga
208 1961 360 2037 phynecea
382 1960 499 2019 tumulo
522 1960 603 2018 mala
626 1958 759 2018 carmina
781 1956 886 2015 fraude

103 2050 193 2109 Forte
217 2049 312 2124 dedit3
335 2049 442 2127 pelago
465 2050 528 2109 ruis
552 2067 591 2108 an
613 2048 731 2106 telluris
753 2043 860 2105 hiatu?

50 2138 120 2199 eesI
143 2138 248 2214 procul
271 2138 309 2196 ad
331 2156 434 2197 manes
458 2138 572 2215 stygios
596 2140 688 2212 atque
711 2136 833 2194 aethera
855 2134 951 2193 lustra

106 2227 319 2302 spirantesque
342 2228 431 2300 viros,
455 2226 526 2285 dum
548 2244 602 2285 uos
624 2227 674 2285 hic
695 2225 761 2284 vita
782 2224 923 2283 reservat.

150 2317 227 2373 Tum
250 2316 402 2373 Romanus
427 2315 464 2373 ad
486 2316 573 2375 haee:
597 2312 786 2390 Quamquam
808 2313 936 2373 volitare
959 2310 1074 2389 figuras

104 2405 201 2463 Morte
226 2404 309 2463 obita
331 2404 413 2462 fama
436 2407 482 2463 est
503 2404 686 2479 umbrasque
708 2402 833 2461 illudere
856 2401 942 2475 vivis,

104 2493 150 2551 Ne
174 2492 293 2551 turbere
317 2493 417 2552 animo
440 2512 515 2552 neve
539 2493 709 2551 exhorresce
731 2494 903 2567 precantem

51 2602 91 2643 seo
105 2582 155 2641 Ad
176 2600 285 2658 papam
309 2584 473 2660 ingressus3
496 2601 592 2657 neque
616 2584 696 2639 enim
718 2585 749 2640 te
771 2580 889 2640 laedere
911 2596 1014 2637 manes

105 2671 190 2730 Velle
213 2673 299 2746 putes
322 2673 448 2744 nostros,
472 2673 575 2730 suetus
598 2688 665 2731 cum
688 2688 777 2746 saepe
799 2669 916 2729 labores

107 2758 280 2836 Scipiadum
302 2760 401 2837 legere
425 2763 455 2819 et
476 2759 670 2819 memoranda
692 2758 852 2834 rependere
874 2759 964 2817 facta.

104 2850 234 2925 imperio
257 2850 361 2927 magni
383 2849 470 2908 venio
492 2849 586 2909 Iovis:
609 2849 661 2907 ille
684 2848 822 2907 tenebras

104 2938 200 3015 Rupit
222 2941 253 2998 et
276 2956 290 2995 e
315 2938 420 3016 Stigiis
444 2955 551 3013 supera
574 2937 613 2997 ad
636 2956 767 2997 convexa
789 2937 904 2997 levarit

51 3048 90 3088 eeu
104 3027 210 3103 Meque
233 3029 345 3087 iterum
368 3026 451 3086 dedit
472 3027 610 3085 humanis
634 3029 664 3085 et
686 3027 752 3085 luce
774 3028 875 3102 potiri.

106 3115 191 3185 Quod
214 3120 245 3175 te
267 3135 321 3192 per
343 3117 492 3191 lacrimae,
515 3115 628 3175 dudum
652 3116 759 3191 quibus
783 3134 835 3175 ora
858 3114 978 3174 caducis

105 3205 200 3264 Fluxa
223 3205 307 3265 rides
329 3224 511 3282 superasque
533 3205 597 3281 poli
621 3204 728 3281 quibus
750 3206 845 3264 uteris
868 3222 957 3263 auras

105 3293 327 3371 Fortunamque
350 3294 443 3370 urbis,
465 3297 562 3354 nostri
585 3314 662 3370 quae
686 3295 751 3353 sola
771 3293 911 3353 reductus

107 3380 203 3441 Causa
226 3383 286 3441 fuit
307 3386 467 3460 tantosque
491 3385 587 3443 ausim
610 3384 739 3442 tolerare
762 3382 888 3456 labores,

52 3492 92 3530 40⁰
106 3470 185 3530 Ante
209 3470 297 3547 pedes
321 3475 398 3531 sacri
422 3491 532 3548 quaeso
555 3474 700 3550 genitoris
723 3475 754 3531 et
777 3490 830 3531 ora

105 3559 171 3619 Duc
193 3560 325 3619 Aeetine.
371 3561 449 3621 Deos
473 3563 515 3621 sio
538 3564 573 3619 tu
594 3560 759 3621 maioribus
783 3579 834 3620 oro
