2659 3909
159 156 212 210 XII
565 156 772 212 PRAEFATIO

161 307 288 368 scribere
312 310 412 367 conati
434 310 514 382 sunt,
544 308 624 383 quod
647 326 722 383 opus
746 327 809 368 esse
837 308 960 369 difficile
983 329 1055 371 sane
1078 314 1109 369 et
1132 330 1179 369 ar·

162 393 254 455 duum
287 398 353 455 iure
382 396 455 456 dicit
486 396 642 456 Iannotius
670 397 821 457 Manettus
848 399 881 456 in
912 401 978 458 vita
1000 400 1122 459 Nicolai
1143 402 1180 458 V.

161 486 241 544 Nam
274 504 457 561 quamquam
489 486 601 561 singuli
632 485 756 545 Homeri
788 488 848 546 loci
878 489 940 545 iam
972 489 1069 547 multo
1101 480 1182 563 ante,

162 575 246 635 velut
268 574 301 632 in
323 575 476 633 Francisci
497 574 626 634 Barbari
652 574 730 633 libro
758 594 847 651 quem
871 595 949 635 anno
979 578 1064 635 1415
1089 578 1125 635 de
1148 597 1182 636 re

162 666 268 723 uxoria
299 663 393 722 edidit
424 664 528 723 latinis
551 664 686 723 versibus
708 664 820 723 redditi
848 666 1056 740 inveniuntur,
1079 669 1181 725 tamen

162 756 287 811 611616
310 753 442 811 carmina
464 754 521 811 hcc
543 753 631 812 medo
654 754 888 813 transferrentur
910 773 971 814 non
999 758 1069 814 ante
1091 755 1181 813 Nico·

161 841 205 899 lai
227 842 255 899 V
279 843 408 900 aetatem
431 842 490 901 viri
513 842 593 901 docti
616 861 738 917 operam
766 843 919 901 dederant.
966 841 1058 903 Cuius
1087 862 1182 919 quan-

162 933 229 989 tum
260 931 431 989 interfuerit
453 930 619 990 Homerum
650 931 738 989 illum
764 950 834 991 vere
866 932 996 991 latinum
1027 932 1179 1008 possidere

164 1023 194 1079 et
216 1023 321 1078 notum
344 1022 508 1095 66166666
538 1019 626 1079 debet
653 1020 851 1079 demonstrari
878 1022 966 1099 longe
995 1022 1077 1080 aliud
1105 1040 1181 1097 opus

163 1110 228 1167 eius
252 1110 352 1167 animo
377 1108 568 1169 obversatum
592 1126 654 1167 esse
678 1111 770 1184 atque
794 1108 933 1170 toluceio
957 1110 1105 1184 Salutate,
1129 1112 1182 1186 qui

164 1216 242 1256 anno
268 1198 353 1257 1392
384 1198 549 1256 Antonium
579 1196 710 1256 Luscum
738 1201 859 1274 poetam
882 1202 917 1257 ut
947 1200 1047 1277 graeci
1076 1202 1183 1276 poetae

163 1286 262 1346 verbis
291 1286 434 1363 neglectis
465 1306 480 1345 6
509 1286 638 1345 barbara
666 1286 721 1345 illa
745 1289 775 1346 et
803 1289 919 1347 inculta
948 1288 1067 1349 Leontii
1089 1289 1184 1348 Pilati

163 1376 411 1451 interpretatione
444 1394 563 1435 carmen
595 1375 749 1435 heroicum
780 1377 893 1435 faceret
923 1378 1062 1437 hortatus
1094 1371 1182 1459 est.¹)

165 1464 223 1523 sed
246 1483 283 1522 ne
306 1463 467 1523 Horatium
499 1465 619 1539 quidem
650 1468 757 1539 poetae
784 1466 876 1525 verba
909 1468 1010 1526 omnia
1034 1470 1113 1526 reete
1136 1469 1183 1525 in-

163 1553 321 1627 tellexisse,
354 1553 488 1613 omisisse
521 1552 677 1629 quaedam,
709 1554 770 1612 alia
802 1556 974 1630 apposuisse
1006 1575 1093 1614 nemo
1122 1575 1183 1615 non

165 1642 289 1716 videbit,
313 1642 482 1717 quicunque
496 1661 599 1702 versus
615 1642 652 1701 ab
667 1661 702 1701 eo
717 1644 879 1703 translatos
894 1663 962 1703 cum
975 1646 1060 1702 textu
1074 1662 1183 1721 graeco

166 1733 401 1808 comparaverit
439 1731 537 1801 Quare
556 1732 674 1790 collatis
692 1731 814 1791 Horatii
832 1735 862 1791 et
879 1733 1068 1809 Marsuppini
1085 1735 1182 1791 trans·

163 1819 327 1880 lationibus
358 1839 541 1897 quamquam
571 1821 753 1898 elegantiore
782 1821 909 1881 forsitan
932 1822 983 1881 ille
1008 1824 1039 1881 et
1061 1821 1179 1896 expedi-

165 1911 241 1968 tiore
265 1910 410 1969 orationis
433 1928 540 1987 genere
568 1928 639 1969 usus
668 1912 716 1984 sit,
743 1910 952 1969 Florentinum
983 1914 1085 1970 tamen
1112 1928 1182 1985 poe-

165 2002 228 2057 tam
256 1998 368 2057 maiore
399 1998 457 2058 fide
486 2018 520 2058 ac
552 1998 710 2077 diligentia
732 1999 824 2058 verba
851 1999 974 2059 Homeri
1006 2000 1183 2076 expressisse

166 2086 365 2147 confitendum
388 2090 440 2147 est.

159 2230 161 2234 ,
232 2176 374 2235 Pontifice
403 2196 502 2236 mense
529 2177 639 2237 Martio
672 2179 745 2236 anni
773 2178 858 2236 1455
892 2179 1010 2236 mortuo
1037 2177 1184 2236 Horatius

166 2284 350 2341 quamquam
372 2285 432 2325 non
454 2285 575 2342 prorsus
599 2268 702 2325 omisit
723 2268 837 2325 minore
861 2269 940 2325 certe
967 2266 1116 2325 industria
1138 2266 1183 2323 in·

168 2354 261 2413 dulsit
284 2356 374 2430 operi.
422 2354 560 2414 Scribatu
584 2358 685 2413 autem
712 2355 877 2431 apostolico
906 2373 994 2431 quem
1017 2373 1036 2413 6
1057 2354 1185 2414 Nicolao

167 2446 323 2519 acceperat
346 2445 437 2502 etiam
459 2444 644 2519 temporibus
668 2443 731 2503 eius
753 2442 904 2519 pontificis
929 2445 980 2519 661
1001 2443 1048 2501 illi
1070 2461 1183 2502 succes·

168 2536 247 2591 serat
270 2534 390 2591 functus
414 2534 467 2607 est,
491 2552 558 2591 cum
571 2535 604 2590 in
627 2534 778 2592 volumine
802 2534 999 2609 epistularum
1014 2531 1125 2591 Galixti
1137 2532 1187 2590 III

168 2641 275 2680 nomen
299 2624 363 2679 eius
386 2621 513 2699 legatur,
541 2641 599 2698 quc
623 2622 762 2697 apposito
790 2623 997 2699 apographum
1029 2642 1096 2681 cum
1123 2623 1186 2697 epi-

167 2712 245 2769 stola
264 2710 404 2788 originali
419 2713 585 2771 consentire
599 2702 859 2792 confirmaverit.¹)
906 2709 1038 2787 Cumque
1052 2712 1140 2770 Pium
1154 2710 1186 2768 Π

168 2799 339 2876 pontificem
363 2800 566 2877 compluribus
589 2799 785 2859 celebraverit
798 2800 989 2875 carminibus,
1006 2800 1186 2876 quinetiam

167 2891 272 2964 postea
296 2889 376 2964 apud
399 2889 514 2949 curiam
537 2889 645 2949 vixerit
667 2907 726 2947 non
751 2890 796 2947 est
821 2888 1026 2948 dubitandum.
1072 2886 1186 2957 Quibus

167 2980 273 3053 poetae
296 2978 468 3037 muneribus
491 2980 526 3036 ut
548 2980 676 3053 pecunia
699 2998 766 3035 eum
791 2978 992 3037 honoribusve
1014 2994 1186 3035 remunera-

168 3070 251 3125 retur
272 3066 361 3125 Pium
384 3067 546 3126 adductum
570 3083 633 3127 esse
656 3067 708 3125 vix
731 3066 921 3142 crediderim,
944 3068 1056 3141 quippe
1080 3064 1133 3139 qui
1156 3066 1187 3122 et

169 3156 232 3232 ipse
255 3158 302 3215 vir
325 3155 513 3217 doctissimus
537 3158 724 3232 scriptorque
752 3156 897 3214 excellens
925 3153 1105 3213 carminibus
1129 3152 1188 3211 sibi

243 3311 269 3377 1)
288 3307 459 3377 Epistolario
479 3308 509 3361 di
528 3306 593 3361 Col.
615 3304 770 3361 Salutati
789 3306 832 3359 ed.
852 3305 978 3359 Novati
996 3304 1029 3369 II,
1049 3308 1187 3357 311398.

243 3382 269 3449 2)
289 3379 320 3434 G.
339 3380 465 3448 Amati,
484 3378 596 3433 Notizia
615 3379 645 3432 di
664 3378 759 3432 alcuni
776 3377 954 3431 manoscritti
978 3375 1043 3429 dell*
1062 3374 1186 3429 archivio

170 3451 459 3577 66666168016116666.
510 3450 642 3505 Archivio
679 3449 782 3504 storico
818 3448 878 3503 ital.
913 3449 969 3503 Ser.
983 3447 1031 3516 III,
1062 3446 1125 3501 v01.
1139 3446 1187 3514 III,
