2659 3909
189 216 234 281 46
454 263 457 269 .
662 213 728 269 VIII

189 366 334 426 Difficiles
357 365 475 443 magnis
498 365 647 440 superasti
669 363 837 441 sumptibus
859 363 952 441 Alpes

190 456 290 531 thue
313 455 398 515 bonis
422 456 542 514 tautum
564 452 739 512 comunibus
763 471 869 530 aspera
891 472 996 530 passus

191 544 379 605 Consulares:
402 543 475 603 haec
497 562 558 602 uua
580 541 638 601 tibi
660 542 712 601 via
733 544 799 602 visa
821 544 938 603 salutis.

192 632 378 694 Conveniunt
400 632 452 692 ubi
474 636 505 692 te
527 632 636 706 recipit
657 630 746 691 modo
769 632 894 691 Mantua
917 652 1010 710 reges,

150 743 176 783 ss
190 724 316 782 Mantua
338 722 523 799 principibus
545 721 637 780 tellus
661 719 777 780 delecta
800 724 914 781 vocatis

190 812 295 873 Hostis
317 813 349 871 in
373 811 527 871 excidium.
574 807 658 878 Quod
682 809 707 867 si
731 810 846 871 metiris
869 814 900 870 et
923 828 1042 887 aequas,

192 902 260 960 Non
284 920 358 978 opus
381 900 509 959 externis
531 899 605 958 belli
627 917 682 973 pro
705 900 839 959 nomine:
861 901 939 960 vires

193 989 352 1051 Sufficiunt
375 990 481 1063 Italae,
503 988 592 1047 modo
616 990 643 1047 si
666 989 855 1047 cumulentur
876 990 909 1047 in
931 1010 1033 1065 unum,

191 1080 297 1138 Tutari
320 1079 485 1138 Ausoniam
509 1079 539 1137 et
562 1077 714 1137 venientes
738 1078 848 1153 pellere
872 1078 993 1154 Tuscos,

150 1190 176 1230 so
190 1168 268 1238 Quin
291 1168 398 1228 Asiam
421 1169 511 1243 atque
534 1165 631 1226 oriens
653 1168 765 1225 iterum
786 1185 842 1225 sua
864 1167 918 1226 sub
940 1169 1012 1246 iuga
1034 1170 1167 1229 mittant.

189 1257 257 1316 Huc
280 1256 413 1318 studium
436 1258 574 1315 converte
597 1274 715 1331 pareus,
737 1255 795 1314 huc
818 1255 913 1335 dirige
936 1261 1074 1334 mentem,

190 1346 347 1406 Discordes
369 1345 549 1423 populorum
572 1347 688 1403 animos
710 1364 874 1423 regumque
898 1345 1064 1422 ducumque

189 1435 290 1494 Redde
313 1438 345 1493 iu
369 1436 542 1494 amicitiam.
589 1432 702 1493 (locant
724 1434 756 1491 in
778 1434 900 1495 foedera
922 1435 1055 1494 dextrae:

191 1521 335 1585 Omnibus
358 1542 417 1582 una
441 1524 522 1583 salus
545 1541 639 1581 unum
663 1526 694 1580 et
716 1540 840 1582 comune
863 1524 1017 1599 periclum,

150 1634 176 1676 aa
192 1612 239 1672 Sit
260 1613 346 1673 labor
368 1631 444 1672 unus
469 1615 499 1673 et
521 1629 582 1670 una
604 1610 836 1687 indeficiensque
858 1613 1006 1673 voluntas.

189 1701 336 1778 Hesperia
358 1704 390 1759 in
414 1701 525 1761 Turcos
548 1700 623 1761 totIs
646 1704 749 1761 vomat
772 1701 894 1762 aedibus
918 1721 1032 1762 aurum.

189 1790 281 1851 Dives
304 1810 395 1867 opum
417 1790 569 1850 variarum
592 1790 849 1850 armentosissima
871 1791 961 1850 tellus

189 1880 314 1939 Auxilia
339 1898 421 1937 arma
445 1882 476 1938 et
499 1896 590 1955 equos
615 1898 722 1939 aurum
744 1880 904 1958 frugesque
927 1879 1067 1958 virosque

189 1969 281 2028 Italia
303 1969 431 2028 undanti
453 1968 561 2027 fundet
583 1970 784 2045 pulcherrima
808 1988 907 2029 cornu.

149 2079 176 2119 so
190 2059 237 2116 Tu
259 2060 345 2134 pater
367 2058 525 2137 imprimis,
548 2057 632 2117 cuius
655 2059 710 2117 sub
732 2060 855 2118 numine
877 2077 924 2119 res
947 2062 1002 2134 est,

190 2146 297 2225 Delige
318 2149 505 2224 praestantes
529 2148 640 2206 virtute
664 2149 695 2205 et
717 2147 830 2207 uiribus
855 2166 948 2207 annos

190 2235 318 2294 Militiae
341 2237 390 2295 vel
413 2254 487 2311 quos
511 2236 598 2298 decus
623 2239 653 2295 et
675 2237 799 2296 fortuna
822 2237 972 2296 secundet.

190 2324 346 2403 Anguiger
368 2325 536 2400 Insubrum,
559 2326 585 2385 si
608 2344 669 2384 non
691 2325 778 2403 vigor
799 2326 851 2384 ille
874 2326 994 2385 refrixit

190 2414 317 2473 Martius
342 2417 411 2473 ante
435 2415 507 2489 dies,
531 2433 548 2474 o
573 2414 647 2491 quid
669 2416 742 2475 teris
766 2414 828 2474 otia
851 2416 963 2475 frustra

150 2524 176 2564 aa
190 2502 306 2564 Ductor
328 2506 360 2562 et
380 2503 515 2563 imbelles
539 2504 613 2563 sinis
636 2504 680 2561 ire
703 2504 849 2581 inglorius
873 2500 986 2563 annos?

191 2592 257 2651 Iam
278 2594 341 2651 iam
364 2594 442 2652 acies
465 2592 544 2653 bello
568 2595 704 2652 assuetae
726 2593 794 2652 Boii
817 2591 1001 2670 Liguresque

191 2681 260 2740 Non
284 2682 385 2756 armis,
407 2701 468 2742 non
490 2683 587 2741 Marte
611 2684 718 2756 calent,
742 2698 868 2757 operosa
890 2681 1014 2757 capillos

191 2771 260 2829 Non
283 2771 370 2847 galea
393 2770 444 2830 sed
467 2771 572 2830 fronde
594 2772 705 2846 premit
727 2770 906 2845 decoratque
928 2770 1076 2830 iuventus.

191 2859 344 2918 Virtutem
366 2862 485 2935 torpere
508 2862 601 2919 sinesz
624 2878 679 2937 age
702 2858 838 2935 protinus
861 2878 962 2918 omnes

152 2969 177 3009 so
190 2947 227 3006 In
251 2948 378 3011 Teucros
402 2967 516 3009 arcesse
539 2950 627 3022 actea,
650 2950 741 3007 simul
763 2946 894 3024 undique
917 2947 1009 3007 robur

193 3036 380 3097 Sforciadum
403 3039 663 3115 anguigenumque
687 3040 718 3097 et
740 3038 866 3097 ventilet
888 3038 994 3115 anguis
1017 3038 1050 3095 in
1073 3054 1175 3111 auras3

192 3128 316 3186 Eminus
340 3128 463 3186 auratae
487 3126 605 3186 radient
626 3125 800 3185 diademata
821 3125 938 3186 soum.

191 3216 260 3275 Non
283 3215 331 3273 illi
352 3234 477 3293 regnum
500 3215 608 3274 Italiae
630 3218 826 3291 veterumque
848 3214 974 3290 labores,

193 3303 251 3363 Sed
274 3303 331 3363 tibi
353 3304 418 3363 fata
433 3307 558 3392 parant.
604 3305 684 3364 Nam
705 3305 792 3364 rebus
816 3305 856 3363 ad
878 3304 986 3363 ultima
1008 3304 1102 3381 lapsis

238 3509 421 3636 t3114Qui11.
454 3513 463 3580 ΙΙ
496 3516 529 3565 36
548 3510 685 3582 Hesperie
703 3512 793 3578 codd.;
817 3512 853 3566 cf.
872 3511 981 3579 X,146.
1014 3514 1024 3582 ΙΙ
1055 3517 1089 3565 52
1109 3510 1207 3565 diade-

192 3597 268 3635 mae
1199 3628 1202 3633 .
