2659 3909
551 249 735 305 POROARIA

130 399 201 460 Otia
222 402 364 461 mortales
386 401 518 478 finesque
541 420 660 481 egressa
682 402 812 462 modesti

78 514 117 553 444
130 489 266 549 Libertas
288 492 415 549 nimium
436 510 594 567 rerumque
606 494 744 571 'exsucta
767 490 922 568 superbit?

131 579 208 649 Quid
230 579 346 639 faciunt
367 582 477 655 miseri,
499 580 557 639 tibi
579 598 646 639 cum
670 581 810 640 caelestia
832 582 939 657 parent

129 669 301 744 infernique
324 667 426 728 sinus?
449 668 509 727 Ubi
531 687 611 728 nunc
632 668 721 729 vetus
743 669 797 729 ille
818 670 952 745 priorum
1017 673 1020 675 ’

129 759 283 817 Virtutum
306 756 426 834 fulgor?
449 758 545 817 Vetus
567 757 631 817 illic
653 758 750 817 Roma
773 760 908 834 quiescit,

16 912 20 924 ⁶
129 845 230 905 Robur
252 850 282 905 et
305 866 389 907 arma
411 846 521 905 virum:
545 851 697 923 nequeunt
719 866 923 908 mansuescere
945 851 1067 908 tantum

77 958 114 998 444
129 936 296 1012 Relliquiae
318 934 478 1012 sordesque
501 935 665 1010 hominum,
689 956 762 1013 quos
785 936 918 1012 undique
940 937 1052 997 fluxum
1087 944 1089 947 ’
1138 1015 1139 1020 ¹

130 1022 265 1084 Confeoit
286 1026 413 1101 populos
437 1027 568 1084 extrema
591 1026 783 1102 intempore
806 1027 922 1104 vulgus.
978 1032 981 1035 ’

127 1112 228 1173 Hosne
250 1114 337 1173 iuvat
360 1114 482 1193 saevire,
504 1116 614 1173 iterum
638 1115 724 1189 quod*
739 1117 859 1174 moenia
880 1116 990 1175 rursus

127 1202 248 1261 Ertruis
272 1205 302 1262 et
324 1203 459 1277 Romam,
483 1204 510 1262 si
532 1222 592 1282 qua
615 1206 669 1277 est,
691 1201 859 1282 insignibus
882 1220 972 1264 ornas
1063 1229 1065 1233 ·

127 1290 314 1367 Extollisque
337 1292 443 1368 opibus
465 1310 630 1369 pacemque
652 1293 800 1368 impendis
823 1295 853 1352 et
876 1311 988 1352 annum

74 1402 114 1442 444
128 1379 275 1439 Laetitiae
299 1384 430 1440 exortem
452 1380 548 1457 bellis,
570 1381 649 1440 unde
673 1400 764 1441 aurea
785 1382 884 1459 fulget

127 1458 223 1529 Roma
246 1472 276 1528 et
299 1471 446 1548 congestis
470 1470 576 1547 opibus
599 1471 753 1530 cumulata
775 1472 951 1547 triumphat,

127 1557 260 1617 Reddere
283 1562 457 1635 praereptos
479 1561 591 1618 iterum
613 1560 754 1641 dignatus
778 1560 903 1619 honores

126 1648 168 1706 Et
191 1648 279 1707 civile
301 1648 398 1725 decus,
422 1667 526 1709 census
550 1667 658 1727 augere
680 1651 820 1725 paternos
1032 1722 1035 1728 1

127 1732 272 1795 Omnibus
295 1739 326 1796 et
347 1739 444 1797 maior
465 1757 565 1797 rerum
588 1737 659 1796 data
682 1737 771 1813 copia
792 1734 935 1814 templis?

72 1847 112 1887 444
126 1825 182 1883 His
206 1845 389 1901 4444444444
413 1829 545 1903 aspirent
566 1826 703 1885 felicibus
726 1828 828 1886 omnia
849 1827 936 1900 fatis,

126 1914 172 1973 Tu
194 1917 295 1973 tamen
318 1916 433 1975 excelsa
455 1915 658 1975 moderantius
681 1918 765 1974 utere
787 1918 867 1974 sorte

126 2003 308 2080 Imperiique
330 2022 430 2063 manu.
476 2004 591 2065 Meritis
615 2004 757 2064 excellere
780 2006 868 2064 malis

125 2093 167 2151 111
189 2087 302 2169 pietate
326 2083 410 2167 elios,
434 2112 510 2169 quae
534 2095 597 2153 sola
619 2095 652 2152 in
675 2094 810 2169 principe
832 2095 928 2153 virtus
955 2089 957 2097 ’

126 2182 255 2255 Eminet,
279 2182 447 2257 exemplum
471 2200 537 2241 cum
561 2184 600 2241 sis
623 2183 747 2258 pietatis
771 2185 801 2241 et
824 2184 929 2241 auctor

70 2292 111 2331 444
125 2270 205 2329 Α414
228 2288 328 2329 omnes
352 2271 435 2330 decet
458 2289 521 2331 esse
543 2273 627 2347 pium
650 2271 840 2348 monitusque
863 2289 1007 2347 supernos

125 2358 246 2418 Fortius
270 2359 402 2434 accipere
426 2363 515 2441 41444
537 2359 597 2435 ipsi
619 2378 680 2420 non
702 2379 823 2436 parcere
845 2362 936 2435 vitae,

126 2446 160 2505 si
182 2447 285 2506 iubeat
306 2448 413 2524 pietas.
458 2448 642 2524 Populorum
664 2450 729 2508 vita
752 2450 892 2525 44144444

125 2536 162 2595 Ι4
186 2538 217 2595 14
240 2537 344 2610 omnis,
368 2538 510 2613 cuiusque
532 2538 664 2597 humeris
687 2538 871 2597 incumberet
894 2537 974 2597 orbis

126 2625 248 2684 Milibus
272 2645 287 2685 e
310 2628 404 2685 tantis
427 2618 613 2685 4444144144
637 2626 676 2686 ab
699 2627 817 2687 aethere
840 2627 957 2706 dignus.

69 2736 111 2776 444
125 2714 189 2773 Nec
211 2714 277 2790 tibi,
300 2715 350 2773 sed
373 2717 445 2775 totis
469 2717 603 2793 genitum
625 2718 678 2791 pia
701 2735 772 2775 cura
794 2716 916 2792 superni

125 2802 264 2863 Instituit
286 2804 418 2880 populis:
442 2823 511 2881 ergo
534 2806 732 2880 reminiscere,
756 2804 875 2881 quando

126 2890 273 2952 Gentibus
297 2911 359 2953 esse
383 2895 474 2968 caput
495 2882 665 2969 mundoque
688 2889 860 2969 impendere
883 2893 973 2972 leges,

126 2981 242 3040 Siderei
263 2981 379 3041 meritis
402 2981 552 3041 recludere
574 2982 681 3041 limina
704 2983 789 3058 caeli,

125 3070 289 3149 Indignata
311 3070 384 3131 viris
408 3088 563 3147 exposcere
586 3072 710 3130 numina
732 3090 846 3147 pacem.

68 3160 210 3220 44411444
233 3160 305 3219 deus
328 3162 445 3237 aspexit
467 3159 619 3234 mundum,
642 3180 711 3220 cum
733 3161 819 3220 dulce
842 3162 950 3220 ferenti

126 3248 249 3307 Pondus
272 3267 337 3307 eras
361 3251 460 3325 matri,
482 3252 555 3308 tuuc
579 3248 704 3309 arrisere
728 3249 841 3310 corusci

126 3336 259 3396 Numina
282 3341 388 3397 cuncta
411 3338 475 3414 poli
497 3341 527 3398 et
549 3340 666 3414 patriae
690 3357 756 3415 spes
780 3342 868 3399 44414
891 3339 1026 3415 Latinae,

128 3423 203 3483 (1444
225 3428 260 3484 14
281 3427 409 3486 maiores
433 3426 572 3488 adolebas
595 3428 704 3504 dignus
726 3428 758 3486 in
782 3447 875 3488 annos

198 3613 263 3680 post
281 3631 304 3666 v.
320 3618 371 3667 466
391 3613 485 3668 nescio
504 3632 540 3667 44
559 3615 696 3671 exciderit
713 3616 823 3685 aliquid

179 3711 292 3752 Horatius
306 3712 424 3753 Romanus
438 3713 474 3754 sd.
488 3714 644 3756 Lehnerdt.
910 3711 925 3759 3
