2659 3909
162 165 207 229 40
631 118 683 219 ¹r

162 314 295 392 Pupibus
320 318 374 374 aut
396 317 505 375 iterum
528 315 699 375 redeuntem
723 314 852 375 offendet
873 315 1003 391 Atrides,

162 405 231 463 Non
254 408 284 463 te
307 407 425 480 sceptra
448 405 497 463 dei
519 424 573 465 nec
595 407 700 465 laurea
721 406 838 480 texerit,
861 406 969 483 augur!

163 493 249 553 Hanc
272 494 377 569 procul
394 496 427 552 in
449 495 580 569 patriam
605 496 736 553 statuam
759 512 827 553 cum
848 493 982 553 redditus
1005 494 1088 572 Argo

164 582 324 643 Texentem
346 584 451 657 toclas,
474 585 610 642 nostrum
633 585 754 660 captiva
777 583 873 643 cubile

123 691 150 731 ae
165 670 306 732 commus
330 674 463 747 aspiciet,
486 672 558 730 dum
581 676 704 731 strenua
726 672 844 731 fulserit
868 675 957 731 aetas.

163 760 179 819 I
201 761 305 837 procul
329 763 472 835 actutum,
496 781 532 820 ne
554 780 602 819 me
624 761 763 835 irritaris,
784 765 819 820 ut
841 760 910 820 inde

163 849 268 910 lllesus
291 849 408 909 redeas!
431 850 473 909 At
495 850 543 909 illi
565 850 688 909 territus
712 870 808 929 augur

163 939 253 997 Paret
276 942 306 998 et
330 938 368 999 ad
390 940 463 999 litus
486 940 587 1017 pelagi
609 939 798 999 fluitantibus
821 939 909 998 undis

164 1028 273 1088 Tendit
295 1030 354 1087 iter
376 1047 501 1104 propere
525 1033 695 1104 aspectans3
717 1032 783 1090 tum
805 1028 936 1104 plurima
959 1031 1082 1104 questus

123 1137 150 1177 ro
164 1115 329 1193 Latoydem
352 1118 476 1193 supplex
498 1117 631 1178 lacrimis
655 1117 765 1176 affatur
787 1117 913 1177 obortis:

165 1205 302 1266 Crinibus
325 1204 451 1283 insignis
476 1204 627 1266 Chrissam
651 1208 704 1283 qui
725 1206 833 1266 fortius
857 1206 947 1266 audes

163 1295 309 1373 Archiger
332 1299 362 1353 et
386 1294 515 1355 ceulam
537 1296 687 1355 illustrem
711 1295 921 1371 Tenedumque
943 1297 1098 1377 nitentem

163 1384 282 1443 liternis
304 1402 407 1463 regere
430 1386 574 1461 imperiis,
597 1386 623 1445 si
645 1385 742 1444 thuris
767 1403 886 1444 acervos

163 1473 211 1531 Ad
235 1476 288 1532 tua
310 1475 423 1550 templa
446 1474 512 1549 tuli,
536 1474 562 1533 si
584 1476 711 1553 pinguia
733 1474 795 1532 liba
819 1476 892 1550 quot
915 1473 1001 1532 annis

123 1582 149 1623 re
164 1563 331 1623 Taurorum
353 1563 559 1639 pecudumque
576 1562 651 1621 'dedi
675 1562 815 1622 torrenda
837 1581 892 1638 per
914 1582 991 1636 aras,

163 1652 289 1726 Exaudi,
312 1670 383 1711 nam
406 1652 497 1731 digna
519 1670 633 1728 precor,
656 1671 724 1711 mea
746 1656 818 1711 vota
841 1651 979 1711 cadentes
1100 1716 1102 1723 ,

163 1741 204 1799 Et
226 1741 366 1800 lacrimas
390 1759 497 1817 quasso
522 1739 605 1800 Graii
628 1743 789 1801 vereantur
812 1739 850 1799 ab
873 1741 958 1799 arcu!

208 1828 315 1888 Audiit
337 1830 534 1904 architenens,
557 1830 635 1889 celso
659 1830 796 1889 turbatus
820 1827 940 1906 Olimpo
1004 1885 1007 1888 .

163 1918 285 1977 Desiliit
307 1919 388 1979 nocti
411 1919 517 1979 similis
541 1918 689 1995 classique
706 1918 868 1997 Pelasgum

124 2028 150 2069 eo
165 2006 261 2077 Quam
284 2009 389 2083 procul
411 2008 527 2085 aspexit
549 2008 636 2067 furiis
660 2026 799 2067 accensus
823 2011 853 2067 et
874 2011 922 2067 ira

166 2096 309 2157 Constitit
332 2116 367 2155 er
389 2097 520 2155 humeris
544 2098 735 2173 sonitumque
758 2097 864 2157 dedere
887 2096 1006 2175 sagitte.

165 2186 243 2244 Tum
265 2188 399 2263 graviter
423 2186 529 2245 stridet
552 2190 710 2265 argenteus
735 2205 822 2264 arcus
846 2185 883 2245 ab
907 2204 989 2245 aura.

164 2275 247 2334 Inter
270 2293 362 2351 equos
385 2274 523 2352 interque
546 2293 633 2335 canes
656 2276 719 2333 iam
741 2275 804 2335 tela
824 2270 975 2353 ¹regantur

164 2363 267 2423 Litore
289 2366 322 2422 in
346 2367 476 2424 extremo
499 2364 697 2440 Danaumque
719 2363 752 2421 in
775 2383 900 2440 corpora
923 2366 1027 2423 soevit.

125 2472 150 2514 ee
166 2453 303 2529 Quotque
328 2454 435 2513 emissa
458 2473 550 2513 manu
572 2453 691 2513 morbos
714 2457 761 2513 tot
783 2454 899 2529 spicula
921 2453 1059 2528 tendunt,

165 2542 389 2618 Pracipitesque
413 2544 475 2603 alta
499 2543 578 2603 vitas
601 2544 633 2601 in
655 2545 751 2602 morte
775 2542 957 2619 relinquunt.

164 2632 289 2708 Iamque
312 2632 489 2692 catervatim
512 2632 619 2691 defleta
643 2632 789 2691 cadavera
810 2633 937 2691 fiammis

166 2720 324 2780 Subiciunt
346 2720 448 2780 miseri
470 2722 553 2797 turpi
575 2721 728 2780 fluitantia
751 2720 830 2781 tabo.

166 2805 259 2889 [Ante
283 2810 383 2870 oculos
408 2814 539 2870 struxere
562 2805 659 2889 pirae]

192 3010 295 3067 Liber
317 3010 448 3080 primus
470 3011 612 3067 Homeri
634 3012 755 3081 poetae
779 3010 889 3066 divini
910 3024 973 3079 por
995 3009 1156 3072 Oarolum

353 3118 553 3175 Arretinum
576 3118 613 3173 in
634 3118 783 3173 latinum
805 3117 997 3172 traduotus.

165 3239 253 3297 Nunc
276 3238 352 3297 iram
374 3238 522 3298 Aeacidae
545 3240 663 3297 tristem
686 3238 883 3312 miseramque
906 3236 1040 3295 futuram
1157 3289 1160 3292 .

166 3327 246 3387 Diva
270 3347 342 3387 cane
366 3331 396 3387 et
418 3331 546 3405 quantos
571 3326 657 3387 Grais
681 3325 764 3385 dedit
785 3326 837 3384 ille
861 3325 977 3384 dolores

238 3466 273 3515 40
293 3461 399 3515 aeonis
413 3464 423 3531 u
435 3480 461 3516 v.
476 3466 509 3515 ee
528 3442 740 3515 ranosindum
759 3459 868 3515 aereae
887 3462 938 3515 aa.
1063 3480 1065 3485 ·

238 3532 311 3586 Bibl.
327 3532 518 3602 Leopoldinae
536 3531 743 3585 Laurentianae
762 3531 940 3585 Strozzianae
960 3531 1020 3586 cod.
1041 3536 1100 3587 100.
