2659 3909
552 218 738 274 POROARIA

139 370 299 429 Romuleos
321 370 430 429 iterum
453 370 597 431 formidat
619 370 704 430 curia
725 373 838 446 raptus.

114 460 186 519 sTu
208 462 293 536 potes
317 459 448 519 obscruis
471 460 619 538 fulgorem
642 462 674 518 et
694 459 810 519 lumina
833 460 929 518 coecis

139 548 324 625 Incertisque
347 548 444 621 fidem,
466 549 582 609 levibus
605 550 677 607 dare
698 547 832 623 pondera
853 549 950 621 rebus,

140 638 187 696 Tu
210 658 277 697 mea
298 638 385 697 Musa
407 641 495 714 pater
516 640 612 697 virtus
635 637 710 696 mihi
732 655 842 696 numen
865 640 993 697 staura

138 726 314 805 ingeniique
338 728 427 800 cslor,
450 730 552 787 nostro
575 728 628 803 qni
649 730 785 803 tempore
806 726 887 785 solus

139 816 268 875 Vatibus
291 816 437 876 extinctas
459 816 575 875 refoves
598 817 631 877 in
653 815 787 875 carmina
808 816 895 874 vires.

100 928 126 966 ιο
139 905 221 965 Haec
244 904 319 963 mihi
341 906 391 964 vix
414 904 544 981 primum
566 906 656 965 series
679 904 877 981 pervenitad
900 921 995 963 eures.

183 994 226 1052 Vt
248 994 356 1070 laqueo
380 995 501 1053 affectos
524 994 620 1055 vitam
642 993 729 1052 finire
749 996 893 1053 maritum

140 1082 321 1143 Germanum
343 1101 427 1142 soror
449 1086 480 1142 et
501 1085 608 1142 netum
630 1086 816 1158 mortemque
838 1081 999 1140 nefandam

139 1172 247 1231 Audiit
269 1175 360 1247 atque
383 1172 478 1232 omnis
501 1172 609 1233 cecidit
630 1171 741 1231 fiducia
762 1173 852 1247 vitre,

140 1262 267 1321 Inclusit
288 1261 428 1321 lacrimas
452 1262 545 1321 oculis
567 1264 599 1320 et
621 1279 743 1337 corpore
766 1263 831 1320 toto

100 1370 125 1409 rs
141 1349 303 1424 Sternitur3
327 1368 476 1427 exangues
499 1352 550 1409 vix
572 1350 696 1427 spiritns
718 1352 800 1409 errat
821 1351 854 1408 in
876 1353 969 1409 artus.

140 1438 199 1497 Ille
221 1437 305 1497 velut
327 1438 459 1518 gelidum
482 1458 621 1515 suprema
642 1441 676 1498 in
698 1438 787 1499 busta
810 1438 938 1500 cadaver
987 1465 989 1469 ·

140 1525 273 1586 Membra
296 1530 378 1587 tenet
400 1528 542 1603 resupina
565 1529 629 1588 sclc
651 1529 811 1605 pulvisque
834 1548 888 1604 per
910 1546 963 1586 ora

141 1616 301 1695 Spargitur
322 1618 413 1693 inque
435 1618 573 1677 humeros
596 1617 657 1677 fusi
679 1618 811 1677 cecidere
833 1616 944 1694 capilli

140 1703 236 1774 Quam
260 1705 384 1766 simulac
406 1705 540 1781 trepidae
563 1706 665 1765 videre
687 1725 742 1782 per
764 1708 842 1765 atria
864 1709 963 1778 natae,

100 1813 126 1852 so
139 1793 285 1854 Actutum
309 1797 475 1870 accurrunt,
499 1795 631 1855 alternae
654 1796 687 1853 in
709 1795 832 1855 brachia
854 1798 981 1854 matrem

140 1883 314 1959 Suscipiunt
335 1886 513 1959 tenuemque
536 1885 670 1943 animam
692 1903 746 1961 per
768 1888 873 1943 mutua
896 1886 1044 1959 quaerunt

140 1969 258 2046 Oscula,
280 1976 315 2033 ut
338 1976 486 2033 extremae
509 1974 630 2033 valeant
652 1991 821 2033 succurrere
844 1974 913 2033 luci.

139 2060 182 2120 Ut
204 2061 312 2139 gelidis
334 2061 413 2121 vires
435 2063 576 2123 membris
599 2066 630 2122 et
652 2063 802 2122 anhelitus
825 2065 870 2122 ori

140 2150 285 2209 Redditus
309 2154 400 2227 atque
424 2151 518 2210 oculis
541 2152 591 2210 lux
613 2153 757 2211 intercisa
777 2152 905 2225 refulsit,

100 2257 126 2298 re
140 2239 267 2315 Aspexit
289 2240 405 2299 coelum
427 2240 568 2316 rupitque
590 2240 623 2298 in
645 2240 738 2300 verbe
760 2241 909 2301 dolorem:

139 2328 207 2387 Heu
229 2329 353 2387 nimium
376 2328 481 2387 infelix
504 2329 633 2408 genitrix
657 2333 688 2389 et
709 2334 805 2405 nupta
826 2348 977 2405 sororque,

141 2417 237 2485 Quam
260 2417 377 2476 crudele
401 2421 488 2477 tuens
511 2420 618 2478 natum
641 2420 824 2494 fratremque
847 2420 990 2477 meritum

141 2505 295 2583 Supplicia
319 2506 448 2567 afflictos
470 2508 542 2567 fatis
565 2506 706 2568 cecidisse
727 2508 869 2567 sinistris!

141 2594 220 2664 Quos
243 2614 298 2673 ego
322 2614 400 2656 nunc
423 2598 561 2674 gemitus
584 2616 662 2673 qnae
685 2600 747 2657 iam
769 2597 902 2655 lamenta
925 2595 1052 2655 dolendo

100 2702 127 2742 cn
141 2681 269 2742 Ordiar?
293 2703 369 2744 anne
392 2688 491 2744 virum
513 2688 585 2745 nato
608 2687 769 2746 fratremne
791 2687 901 2745 marito

141 2772 315 2832 Anteferam
337 2773 490 2833 lacrimis?
513 2773 614 2835 Pietas
637 2773 727 2834 simul
749 2776 858 2850 aspicit
880 2792 991 2850 omnes,

140 2859 286 2921 Omnibus
309 2882 385 2922 unus
410 2882 501 2923 amor.
548 2864 589 2923 Te
612 2867 653 2939 te,
677 2864 730 2939 qni
752 2881 842 2924 causa
864 2864 1022 2938 malorum,

139 2951 255 3024 Frater,
278 2954 309 3009 et
330 2952 447 3030 ingenti
469 2970 523 3012 nos
546 2952 729 3029 implicuisse
751 2954 869 3011 ruinael

139 3039 208 3100 Heu
230 3039 355 3099 nimium
377 3040 435 3099 tibi
456 3040 533 3100 fidus
556 3059 622 3101 eras
646 3074 689 3082 -
712 3060 789 3118 quae
812 3042 879 3101 dira
901 3040 994 3101 libido

2 3119 6 3146 ¹
100 3146 126 3188 sc
141 3128 250 3199 Quisve
274 3131 407 3189 animum
429 3130 502 3191 deus
525 3130 557 3189 in
579 3132 696 3190 facinus
719 3134 907 3207 mentemque
929 3130 1054 3189 resolvit

140 3217 342 3293 Militiamque
365 3222 479 3279 trucem
502 3222 532 3279 et
554 3222 664 3280 vetitos
687 3238 806 3296 sperare
827 3217 1016 3295 triumphos?

141 3304 227 3375 Quod
250 3307 338 3367 decus
363 3310 416 3367 ant
440 3312 585 3384 quantum
604 3309 724 3369 sceleris
746 3308 803 3368 tibi
826 3310 923 3388 gloria
945 3308 1044 3368 laudis

140 3394 223 3454 Haec
244 3398 345 3471 potuit
368 3399 509 3469 conferre,
531 3398 604 3458 licet
625 3399 748 3458 fortuna
770 3398 867 3458 labori

140 3516 146 3523 -
154 3517 294 3525 ——----—
304 3518 324 3523 .-
332 3518 353 3523 .-

213 3589 246 3637 22
266 3582 381 3638 obscula
