2659 3909
208 186 253 251 32
699 185 727 239 Π

208 336 381 396 Muneribus
404 339 521 414 potiare
544 336 648 413 patris,
671 356 742 396 nam
764 336 830 395 fata
852 337 974 413 polique

210 425 251 485 Et
272 428 326 486 tua
348 429 378 486 te
401 428 499 485 virtus
521 428 630 485 merita
653 427 693 485 ad
714 428 831 501 maiora
852 427 1014 484 reservant.

209 514 284 590 Duc,
306 517 416 575 iterum
438 518 536 593 rogat,
558 518 589 575 et
611 532 731 575 sacrum
752 534 800 573 me
823 513 949 573 admitte
971 516 1127 589 parentem

152 624 197 665 455
210 604 457 680 Immoritumque
480 604 559 663 licet.
605 604 724 665 Patrios
748 622 808 662 non
829 604 882 662 ille
905 602 1022 662 refellet

210 687 338 768 dilatus,
361 695 413 769 pia
434 695 506 752 vota
529 694 606 753 solat
626 692 823 768 lacrimasque
846 695 1020 768 precantum

209 782 331 841 Mollius
355 784 487 858 accipere
511 786 542 842 et
563 782 649 843 fessis
672 800 841 842 succurrere
863 781 962 858 robus,

211 870 268 929 Cui
290 874 381 947 caput
403 873 473 930 ante
496 870 572 930 alios
594 873 681 932 ornet
702 871 774 931 licet
796 871 860 929 alta
881 873 1024 947 potestas.

210 960 275 1018 Iam
298 961 420 1019 memini
444 960 594 1035 quondam
615 960 743 1036 imperio
766 959 902 1019 sublimis
924 962 955 1018 et
978 958 1069 1018 armis

152 1068 197 1109 4ι5
211 1048 401 1125 Supplicibus
425 1067 480 1109 sua
503 1050 569 1109 iura
592 1049 661 1109 dedi
682 1049 839 1124 facilisque
862 1051 972 1125 rogatu

209 1138 289 1197 Ante
312 1140 389 1197 acies
412 1156 595 1214 quamquam
617 1134 725 1199 victor?
767 1138 902 1197 Fortuna
923 1136 1073 1196 modestos

210 1226 282 1287 Esse
306 1226 421 1286 animos
443 1229 522 1287 vires
545 1230 630 1304 regni
651 1228 842 1303 tumidosque
865 1228 967 1285 ruinas

210 1316 339 1375 Rdocuit
361 1318 542 1392 summisque
565 1316 617 1375 diu
640 1336 700 1376 nou
721 1316 812 1375 fidere
835 1315 932 1375 rebus.

253 1404 309 1464 Ille
332 1407 434 1464 tamen
456 1406 553 1465 victus
576 1406 713 1481 precibus
736 1406 928 1480 lacrimisque
950 1408 1107 1483 rogantem

152 1513 195 1554 455
210 1494 380 1553 Romanum
402 1494 553 1571 implicuit
576 1494 681 1554 dextra
703 1496 879 1569 monuitque
901 1495 999 1553 vereri

210 1582 392 1643 Pontificem.
438 1581 583 1659 „Gratum
606 1587 651 1643 est
673 1582 791 1660 patrias
815 1585 949 1659 spectare
972 1585 1136 1658 parentem,

211 1670 266 1731 Oui
288 1672 389 1731 meriti
411 1673 508 1733 virtus
531 1690 604 1732 ausa
627 1675 674 1732 est
695 1671 846 1731 includere
869 1669 1014 1731 tantum.“

210 1761 292 1839 Ergo
315 1764 437 1821 uteret
460 1762 574 1839 gemitu
597 1763 755 1837 laceroque
777 1761 941 1821 inhonorus
965 1761 1087 1833 amictu,

210 1850 309 1909 Mente
332 1868 437 1927 gerens
461 1869 546 1910 casus
564 1853 725 1926 'tristisque
748 1849 869 1909 exordia
891 1850 967 1909 facti

152 1960 196 2000 455
209 1939 326 2015 Militis,
349 1939 533 1999 illacrimans
556 1940 638 2000 urbis
660 1940 830 1999 miserabile
853 1940 917 1998 fato

209 2029 289 2087 Ante
311 2032 429 2106 patrem
451 2028 590 2089 manibus
613 2030 739 2106 supplex
762 2032 793 2088 et
814 2029 930 2105 poplite
952 2027 1028 2087 flexo

210 2117 300 2176 Haud
322 2117 405 2177 rudis
429 2117 542 2193 eloquii
564 2116 606 2178 sic
630 2136 683 2177 ora
705 2120 867 2177 trementia
889 2116 988 2191 solvit,

210 2206 291 2276 Quae
314 2206 411 2284 magis
433 2207 552 2283 indigni
574 2207 763 2266 commendat
785 2209 884 2285 gratia
907 2206 1019 2264 luctus:

209 2296 287 2354 Dive
309 2297 409 2355 virum
431 2295 564 2371 Nicolae,
587 2297 709 2372 inopem
732 2298 784 2372 qui
806 2297 929 2354 numius
951 2294 1079 2353 Romam

152 2405 195 2446 455
211 2384 320 2455 Quinte
342 2388 396 2443 tuo
420 2385 547 2459 extollis,
570 2386 672 2444 tantos
694 2387 835 2443 miserate
857 2384 974 2443 labores

211 2474 298 2535 Solus
323 2476 353 2533 et
377 2475 517 2549 antiquas
542 2476 594 2549 qui
616 2474 749 2533 nondum
772 2473 898 2549 despicis
922 2475 1000 2532 artes

209 2563 436 2638 Romanumque
460 2562 558 2636 decus,
581 2562 686 2641 Stigiis
710 2562 745 2621 de
768 2562 887 2622 sedibus
909 2579 986 2620 unus

208 2652 308 2711 Ausus
331 2670 385 2730 ogo
409 2652 447 2711 ad
470 2670 593 2727 superos
615 2655 720 2712 vastae
741 2652 859 2711 telluris
882 2650 968 2710 hiatu

209 2742 367 2817 Rumpere.
414 2740 567 2816 Scipiades
591 2741 694 2800 eadem
717 2759 771 2801 uos
794 2759 866 2801 cura
888 2742 1023 2816 repostos

152 2850 196 2892 sao
209 2830 299 2890 Urbis
322 2829 422 2905 habet,
446 2829 597 2905 quondam
619 2830 718 2889 tenuit
741 2849 817 2906 quae
839 2830 872 2888 in
894 2833 1031 2905 tempora
1053 2828 1143 2887 vitae.

209 2919 390 2978 Iamdudum
411 2919 567 2978 infremuit
588 2919 721 2979 tumidos
745 2920 780 2979 de
803 2919 890 2995 plebe
912 2918 1035 2978 rebelles

209 3009 323 3069 Rumor
346 3008 426 3084 apud
448 3027 551 3067 manes
574 3010 693 3083 patriae
715 3008 878 3068 insuevisse
901 3006 1020 3083 parenti

209 3098 250 3156 lit
272 3097 402 3158 violasse
425 3115 551 3157 sacrum.
597 3096 765 3157 Poenorum
789 3098 886 3172 qualis
910 3096 948 3155 ab
971 3096 1063 3155 armis

210 3188 384 3264 Tempestas
407 3187 483 3246 mihi
505 3188 571 3247 visa
593 3187 711 3246 iterum.
758 3185 808 3247 Sic
831 3187 928 3245 infera
950 3203 1068 3262 pugnas

151 3295 195 3336 455
210 3275 359 3335 Extimuit
381 3275 517 3336 Romana
540 3277 633 3336 acies:
656 3295 710 3337 nos
733 3275 813 3335 bella
836 3277 993 3353 gigantum

211 3364 396 3425 Credidimus
419 3365 530 3442 trepidi
552 3366 600 3425 vel
623 3365 718 3425 hiulci
740 3365 875 3425 fulminis
898 3366 959 3423 iras

210 3452 255 3514 Ob
279 3457 424 3515 scelerum
446 3473 558 3531 poenas
581 3456 719 3531 nataque
740 3457 865 3514 numina
888 3456 979 3533 genti.

209 3543 267 3603 Hei
289 3544 342 3603 ubi
364 3547 464 3620 prisca
485 3545 571 3605 fides!
594 3547 681 3605 tauto
704 3563 757 3606 cur
778 3544 898 3604 turbine
920 3546 1047 3605 miscent
