2659 3909
212 226 337 282 ORATII
354 225 501 281 ROMANI
518 227 568 281 AD
588 226 680 282 PIVM
697 226 725 281 11
742 222 1013 281 EPIGRAMMATA

94 379 175 441 rme
198 383 315 456 patrem
337 380 440 454 rapuit
461 379 618 454 medioque
641 398 676 438 ex
698 380 769 456 igne
791 380 929 454 penates,

165 469 213 527 'Pu
235 470 365 544 petiam
388 466 486 527 medio
510 468 547 528 de
569 468 745 546 Flegetonte
767 469 857 544 rapis.

120 558 176 617 Ille
199 561 261 617 suis
283 561 403 634 raptam
426 557 563 617 Troianis
585 556 717 616 reddidit
739 556 852 632 urbem,

13 667 22 704 ι
166 647 212 705 Tu
235 647 325 706 deeus
347 648 379 705 in
402 648 534 721 patriam
557 646 729 721 pontificale
751 646 852 705 refers.

120 736 208 796 Nune
231 736 316 795 Pius:
339 735 437 794 Eneas
461 735 534 795 elim
556 734 637 795 Iovis
661 736 741 795 atria
763 734 870 811 pandis

82 846 108 886 ιο
165 826 206 885 nt
229 826 345 886 eaelum
367 826 446 884 votis
469 823 602 883 ereditur
624 843 711 883 omne
734 826 803 884 tuis.

618 1005 648 1062 2.

122 1109 195 1169 Sum
218 1110 289 1170 Pius
312 1111 437 1170 antistes
460 1109 537 1168 nulli
559 1111 673 1185 pietate
696 1108 850 1170 secundus.

165 1199 235 1259 Non
257 1200 379 1259 fortuna
401 1198 470 1273 fuit,
493 1198 545 1260 sed
567 1200 691 1274 pietatis
716 1216 798 1275 epus.

619 1378 646 1435 3.

122 1483 171 1543 Sis
194 1484 267 1543 Pius
292 1486 322 1543 et
345 1502 429 1544 casus
451 1484 565 1543 releves
587 1487 675 1560 pater
698 1484 811 1559 optime
833 1484 961 1555 nestros,

166 1572 321 1649 Temporis
345 1574 467 1651 angusti
488 1592 559 1631 nam
581 1574 750 1632 meminisse
773 1574 858 1648 pium
881 1572 933 1630 est.

123 1661 246 1737 Semper
268 1661 307 1721 ad
329 1662 466 1721 Eneedas
488 1662 607 1738 plaeido
631 1664 818 1721 sanctissime
840 1661 927 1720 uultu

167 1751 292 1826 Respiee
315 1750 466 1811 Romanos
490 1755 520 1810 et
542 1755 645 1810 tueare
667 1753 745 1809 tuos.

94 1839 269 1900 sSueeedat
291 1841 410 1916 populis
433 1859 487 1916 per
509 1842 539 1899 te
562 1858 622 1907 non
644 1839 733 1899 inita
754 1840 820 1900 voti

168 1928 274 1989 Gratia
296 1948 350 1988 nee
373 1930 470 2005 pietas
494 1929 610 1988 desinet
633 1947 697 1988 esse
719 1928 786 2005 piis.

122 2016 170 2077 Sis
193 2018 265 2077 Pius
289 2017 320 2077 in
344 2017 426 2078 eaelo
450 2021 637 2101 cognataque
661 2017 760 2077 sidera
782 2016 894 2093 vineas,

167 2107 208 2165 Et
230 2106 320 2165 finem
342 2107 439 2182 pietas
462 2110 603 2184 protegat
624 2124 719 2183 usque
742 2110 836 2165 tuum.

618 2286 647 2343 4.

123 2388 197 2449 Sum
221 2390 294 2449 Pius
319 2392 444 2451 antistes
467 2393 544 2451 nulii
566 2392 680 2467 pietate
704 2390 863 2450 secundus:

169 2478 218 2539 sie
239 2481 337 2555 pietas
359 2480 449 2539 finem
471 2484 612 2559 protegat
634 2481 702 2556 ipsa
723 2498 831 2539 meum

619 2661 648 2719 5.

122 2762 261 2823 Instituit
284 2782 351 2823 enm
373 2767 404 2824 te
427 2766 524 2840 pietas
547 2764 650 2825 divina
674 2767 839 2839 parentem,

169 2851 345 2912 consultum
368 2853 466 2913 voluit
487 2852 630 2929 temporis
654 2872 718 2913 esse
741 2853 838 2912 malis.

122 2938 265 3001 Officium
288 2942 411 3018 pietatis
434 2961 521 3017 opem
544 2942 722 3002 mortalibus
745 2945 777 3002 et
798 2960 883 3018 spem

169 3031 298 3090 Exhibet
320 3034 350 3090 et
372 3032 485 3091 frustm
507 3051 567 3092 non
591 3031 663 3091 sinit
686 3050 749 3091 esse
772 3048 882 3106 preees.

95 3120 183 3183 sflla
206 3119 294 3180 deum
317 3120 399 3181 eaelo
422 3121 626 3181 miserandum
649 3119 735 3179 duxit
757 3120 790 3179 in
812 3120 914 3181 orbem

169 3208 291 3268 Mortali
313 3212 428 3286 passim
451 3210 623 3269 eondieione
645 3209 716 3268 frui.

122 3294 149 3357 Ο
173 3297 270 3372 deoru,
294 3317 311 3357 ο
334 3298 441 3374 pietas,
465 3319 482 3359 ο
505 3299 557 3358 lux
580 3302 611 3358 et
633 3300 740 3378 gloria,
763 3298 836 3357 fecit

169 3387 212 3444 Te
234 3390 331 3461 pietas
354 3390 446 3464 nasei,
469 3391 499 3447 te
522 3390 652 3448 voluisse
675 3388 761 3447 mori.

198 3597 245 3659 1‚s
263 3591 356 3647 medie
376 3608 410 3647 ex
428 3593 504 3649 cedd.
519 3597 528 3664 ss
543 3599 589 3661 3,r
610 3593 655 3648 Sic
674 3594 751 3649 eodd.
765 3594 775 3663 fl
789 3598 837 3662 5,s
854 3593 949 3662 pietas
970 3594 998 3647 A
