2659 3909
477 206 478 209 '
561 210 746 268 PORCARIA

147 366 196 424 Ad
219 384 341 442 superos
364 367 441 425 vixit
462 384 565 441 voveo,
589 366 643 442 qni
665 364 776 426 Portis.
792 364 879 423 finxit

147 456 278 519 Nomine
301 456 337 515 de
360 456 458 531 porcis
481 455 623 532 titulique
646 455 786 531 ascripsit
808 454 951 515 honorem

91 542 295 605 assidentibus
317 544 458 605 obscuris.
504 544 590 603 Vnde
608 543 662 607 ,hic
686 544 859 605 sceleratior
881 545 976 601 extet:

147 634 226 691 Num
249 633 359 709 puduit
381 635 495 694 clarem
516 634 633 709 prolem
655 632 818 693 virtutibus
840 632 922 706 olim,

147 722 234 781 Unde
256 724 303 783 tot
325 722 457 783 illustres
480 722 589 781 fulsere
612 721 651 782 ed
674 722 772 783 sidere
795 722 884 796 cives,
1011 725 1013 728 ’
1045 736 1048 740 ·

148 810 311 871 Offendisse
334 813 485 871 hominem
508 814 539 871 et
560 811 675 888 rigidos
698 813 804 871 lusisse
828 807 977 869 Gotones?

149 898 227 968 Quid
249 904 369 976 potores
392 898 523 965 vesone?
544 900 632 960 Pium
654 900 769 961 violare
792 900 946 975 parentem
1031 958 1035 961 ,
1153 939 1154 942 ¹

93 1010 135 1051 sco
151 993 247 1049 Ausus
271 1008 301 1047 es
325 991 539 1065 atqueipsnm
562 993 692 1049 mactare
715 991 749 1049 in
770 990 874 1048 limine
897 989 1013 1063 templi,

147 1077 290 1139 Praesule
314 1096 372 1154 quo
394 1082 514 1140 nostrae
537 1078 660 1138 libertos
683 1079 799 1156 gratior
821 1076 889 1142 urbi

148 1168 218 1228 Non
240 1168 300 1225 fuit
323 1171 376 1225 sut
398 1170 495 1227 maior
516 1168 616 1245 vigunt
636 1168 761 1244 pictatis
783 1169 891 1243 imego.

148 1256 235 1315 Telis
257 1256 330 1314 dum
352 1257 452 1331 ferret,
476 1256 572 1315 letum
590 1276 654 1333 ¹quo
678 1259 792 1316 cinctus
816 1255 855 1314 ed
878 1274 978 1313 ensem

148 1344 296 1421 imposuit
319 1343 456 1405 dextram
477 1346 579 1406 miseri
601 1345 798 1424 iugulumque
820 1346 943 1405 sinistro

94 1455 134 1495 ses
149 1434 244 1512 Angit
267 1436 297 1493 et
318 1435 503 1494 infrendens:
525 1434 652 1494 Minime
674 1437 708 1493 ni
728 1434 815 1510 plebe
838 1434 944 1495 fuisses

148 1523 284 1598 Inferior,
308 1522 419 1599 pudeat
441 1523 586 1583 scelerare
608 1526 641 1583 in
664 1525 809 1601 sunguine
830 1523 942 1583 fenum
1049 1558 1052 1561 ·

149 1612 190 1669 Et
211 1612 267 1671 vili
290 1616 320 1671 et
342 1615 420 1672 tetro
443 1613 505 1673 iem
527 1612 706 1690 degenerare
731 1611 882 1673 Gelonem.

149 1701 195 1759 Tu
217 1705 319 1760 tamen
343 1701 418 1761 edde
440 1702 561 1777 Mynos:
585 1720 674 1761 susus
697 1703 858 1761 temerarie
880 1700 1009 1776 quando,

148 1789 249 1850 Innet
271 1790 320 1851 hic
342 1809 456 1851 mersus
478 1790 637 1851 tenebrose
658 1791 691 1850 in
714 1793 831 1850 tortere
852 1791 1007 1865 praeceps!

95 1901 135 1941 sto
149 1879 265 1937 Annuit
286 1879 334 1938 his
357 1880 455 1955 iudex,
476 1898 589 1956 poenes
612 1898 682 1940 mox
704 1881 769 1939 fete
793 1881 965 1955 sequuntur.

193 1968 311 2027 Interes
334 1987 392 2027 vox
415 1970 461 2028 est
483 1968 601 2030 diverse
623 1987 678 2045 per
700 1970 823 2046 agmine
845 1986 964 2027 sursum

149 2055 379 2116 coniuratorum
402 2057 510 2133 lequeo
533 2058 605 2117 dete
629 2076 754 2133 corpore
776 2057 883 2123 morti,

148 2145 185 2204 ln
208 2164 320 2221 poenes
343 2147 487 2207 scelerum
510 2146 599 2207 simul
623 2149 654 2207 ct
677 2146 805 2224 pendere
828 2146 883 2205 sub
907 2164 1003 2205 aures.

148 2233 287 2311 Undique
309 2236 406 2294 fervet
427 2237 494 2310 iter,
516 2236 703 2312 speoulisque
725 2245 782 2311 per*
802 2235 872 2294 svis
893 2235 982 2312 longe

95 2344 135 2384 sus
149 2323 263 2382 Intenti
285 2328 439 2400 nequeunt
461 2324 563 2384 oculos
585 2324 697 2384 satiare
719 2324 830 2384 tuendo

148 2412 339 2489 Attonitique
361 2417 485 2472 monent
506 2416 607 2489 petros
631 2412 785 2473 attendere
807 2417 894 2471 notos
951 2439 953 2443 ·

149 2500 189 2559 nt
212 2502 344 2560 conferre
367 2503 474 2563 volunt
496 2518 640 2578 vcususque
664 2520 821 2578 exposcere
843 2504 952 2561 tentos.

148 2589 206 2648 Hic
229 2589 286 2650 eit:
309 2590 464 2663 „Audaces
487 2593 604 2651 animos
626 2596 657 2651 et
679 2594 782 2667 pectus
805 2594 837 2649 et
858 2590 934 2648 nem

149 2678 185 2736 In
207 2680 339 2754 petriam
362 2682 393 2739 et
415 2698 535 2739 snorum
556 2681 643 2740 miles
665 2681 739 2740 tulit
760 2682 819 2741 iste
840 2683 1009 2755 parentem:

97 2788 136 2828 eso
148 2766 263 2826 Invidit
284 2768 407 2828 fortune
430 2771 509 2828 euris
532 2768 732 2847 ingentibus“
776 2769 875 2827 Alter:

149 2856 248 2931 „Note
269 2856 345 2915 mihi
368 2860 437 2915 ente
460 2857 536 2917 elios
557 2858 647 2919 huius
670 2858 811 2917 fecundis
834 2858 955 2935 linguae
1023 2916 1026 2920 .

149 2946 189 3005 llt
211 2947 287 3004 vitis
310 2949 341 3005 et
363 2942 486 3005 virtus.“
531 2947 639 3007 Melior
661 2949 710 3006 cui
731 2950 851 3023 pectore
873 2965 957 3005 mens
979 2950 1025 3007 est

147 3034 355 3111 Iudiciumque
384 3066 419 3077 —-
445 3038 555 3112 equitis
578 3037 662 3097 novit
685 3056 739 3112 per
761 3036 887 3113 singule<
902 3054 1013 3095 morest

149 3124 253 3198 „Nulli
275 3125 433 3184 consilium
455 3127 554 3185 minus
577 3129 632 3184 eut
651 3126 814 3202 prudentis
835 3125 929 3183 fulsit

98 3232 136 3272 ees
150 3213 230 3271 Rure
252 3214 382 3273 hominis
404 3216 513 3290 virtus3
536 3217 656 3274 tuntum
680 3232 771 3291 super
793 3214 888 3273 ardun
909 3213 1041 3290 pendens

149 3300 286 3361 Ducebat
307 3303 391 3364 nullo
414 3303 566 3363 fluitantis
587 3304 719 3380 pondere
741 3303 844 3363 verbe:

150 3391 197 3447 En
219 3394 337 3466 patriae
360 3393 468 3451 vindex
491 3395 653 3470 nostroque
676 3396 708 3451 in
731 3394 865 3469 tempore
887 3411 990 3451 rursus

223 3578 359 3631 sosNun
439 3611 448 3617 -=
560 3610 573 3617 .,
644 3612 646 3615 -
