2659 3909
204 200 247 265 48
590 238 593 247 ·
680 201 753 255 VIII·

204 352 308 413 Hostis
331 351 363 412 in
386 352 545 428 excidium
568 355 727 411 ventorum
748 352 829 411 laxet
851 351 982 413 habenas

160 441 298 503 sellulas
321 444 412 517 atque
436 442 532 502 omnis
555 440 649 500 turias
673 443 811 517 erumpat
833 442 871 501 ab
894 444 990 517 antro,

206 530 394 591 Eneheladus
416 531 559 606 flammas,
583 530 719 607 cyclopes
742 531 871 590 fulmina
893 535 924 590 et
947 550 1031 590 arma

205 620 324 679 Ethnea
347 620 383 678 de
405 637 489 696 rupe,
511 637 620 695 parens
642 620 801 696 Neptunus
824 623 855 679 et
878 622 974 680 omnis

204 709 338 785 Neptuni
361 709 468 769 ehorns
491 728 526 767 ex
547 708 616 768 imis
639 728 729 785 super
751 712 870 769 aestuus
893 708 981 768 undis

205 797 346 858 Involvat
367 798 472 873 rapido
496 797 682 857 Turehorum
704 797 823 857 turbine
846 816 970 875 puppes.

161 907 191 948 ss
206 886 347 964 Appulus
370 888 399 947 et
423 885 548 946 Calaber
570 887 660 946 tellus
683 888 811 965 insignis
834 906 977 963 equorum

206 973 336 1052 Quisque
360 975 474 1035 dabunt
497 978 640 1049 armenta,
663 975 801 1053 Agragas
824 977 873 1036 vel
896 975 1001 1053 qualia
1023 976 1175 1052 quondam

206 1064 364 1141 Nutribat3
389 1063 499 1124 Oumea
523 1063 611 1123 deum
634 1083 776 1141 responsa
798 1065 957 1139 resolvent,

206 1153 264 1212 Hie
286 1153 338 1213 ubi
361 1153 547 1212 Dardanium
570 1154 685 1213 Eneam
706 1154 762 1214 sub
784 1173 858 1231 rupe
881 1153 997 1230 Sibylla

205 1243 253 1302 Ire
277 1243 316 1303 ad
338 1245 529 1318 conspectum
552 1242 654 1302 doeuit
677 1243 830 1320 genitoris,
853 1246 889 1302 ut
912 1245 1008 1302 omnis

149 1353 193 1393 1⁰⁰
205 1332 345 1409 Principe
366 1334 397 1392 te
421 1332 534 1392 Tureus
557 1331 623 1391 diro
646 1332 700 1393 sub
723 1332 822 1392 Marte
842 1332 961 1408 peribit.

207 1422 266 1479 Tot
287 1423 384 1480 maria
407 1423 437 1481 et
459 1423 563 1496 portus
586 1440 647 1480 non
670 1424 740 1480 sunt
762 1424 826 1480 sine
849 1421 993 1481 elassibus
1017 1424 1047 1480 et
1071 1439 1147 1497 quae

205 1510 345 1570 Proxima
370 1508 491 1569 Caietae
513 1511 686 1586 prospectat
708 1511 812 1568 littora
836 1509 928 1585 (lirae,

206 1598 264 1658 Hie
287 1598 339 1658 ubi
361 1599 432 1658 diva
455 1598 534 1658 viros
558 1616 647 1659 saeva
671 1600 791 1658 feritate
814 1597 954 1675 luporum

206 1687 309 1746 Induit
332 1691 363 1747 et
384 1689 485 1747 tristes
508 1691 650 1746 resonant
674 1688 712 1746 ad
734 1686 832 1748 sidera
854 1689 961 1748 luctus.

149 1798 192 1839 ms
208 1777 266 1836 Tot
288 1776 438 1854 quondam
460 1776 576 1835 rediens
600 1776 705 1852 spoliis
728 1779 851 1837 orientis
874 1779 991 1853 onusta,

208 1866 266 1926 Tot
288 1867 395 1926 viatrix
417 1865 605 1941 populorum,
628 1866 689 1925 alio
713 1884 792 1925 nune
814 1865 920 1925 debilis
944 1883 1017 1925 aevo

207 1955 286 2025 Quid
309 1954 362 2015 das
384 1954 481 2014 Roma
503 1952 578 2013 Pio?
601 1954 718 2013 Desunt
740 1954 798 2013 tibi
818 1956 910 2014 robur
932 1959 963 2014 et
986 1973 1069 2014 arma

207 2044 247 2102 Et
270 2062 375 2104 manus
399 2044 436 2103 ob
459 2044 590 2119 patriam
612 2046 803 2121 pugnantum
825 2046 856 2104 et
879 2046 1001 2121 sanguis
1024 2063 1156 2104 avorum.

207 2132 276 2192 Non
299 2133 408 2193 Remus
432 2135 463 2192 et
485 2132 587 2207 freter,
610 2151 739 2208 quorum
761 2135 815 2193 sub
838 2134 994 2195 moenibus
1017 2134 1093 2193 alter

151 2243 194 2283 110
209 2218 334 2295 Oeeidit,
358 2222 435 2280 alter
457 2223 522 2299 agit
545 2240 612 2280 eum
636 2221 693 2281 diis
717 2223 898 2300 genitalibus
921 2242 1036 2282 aevum.

207 2309 378 2370 Fabricium
400 2310 473 2387 quid
495 2310 609 2386 Pyrrhe
631 2311 719 2371 times
743 2311 956 2372 Mummiumve
980 2311 1130 2385 Corintho,

207 2400 351 2458 Emilium
374 2397 504 2460 Persen?
526 2401 712 2478 geminorum
735 2403 816 2461 vieta
838 2402 893 2461 sub
916 2403 1007 2461 armis

209 2488 383 2566 Scipiadum
407 2488 577 2567 Carthago?
600 2490 716 2549 Premit
737 2493 782 2550 tot
805 2492 935 2549 fulmina
957 2491 1046 2549 tellus

207 2579 297 2637 Mart'
338 2581 368 2638 et
391 2579 514 2639 attritus
537 2580 588 2637 vix
611 2583 657 2637 est
680 2581 743 2638 sine
766 2582 885 2639 nomine
908 2579 1016 2655 pulvis.

155 2687 194 2729 us
208 2668 277 2726 Non
300 2685 393 2746 genus
416 2667 558 2743 Aleydae‚
582 2687 709 2744 quorum
731 2670 845 2743 periere
867 2669 1005 2741 trecenti,

209 2757 279 2815 Non
301 2756 387 2817 Decii
409 2759 560 2833 superant,
583 2758 699 2833 patriae
722 2756 793 2815 dare
816 2756 930 2834 Regale
953 2756 1048 2815 vitam

209 2845 279 2905 Non
301 2847 411 2905 iterum
433 2849 463 2904 te
487 2846 551 2906 fata
574 2848 678 2906 sinunt
700 2864 754 2904 nee
775 2847 904 2923 pignam
925 2844 1028 2904 Brute.

209 2935 306 2994 Morte
329 2937 417 3009 iaces,
439 2936 517 2995 vivis
540 2936 630 3008 fama,
653 2936 707 3010 qui
728 2952 834 3009 passus
858 2931 944 2993 Orati

210 3022 312 3084 Hostis
335 3024 367 3082 in
390 3042 544 3083 occursum
567 3026 635 3099 pest
657 3027 743 3100 terga
767 3023 895 3081 avellere
918 3024 1047 3097 pontem.

152 3134 195 3175 nso
209 3113 278 3173 Non
299 3114 457 3173 Marcellus
480 3113 566 3172 adest
587 3130 641 3171 nee
665 3112 777 3170 Scaeva
800 3114 853 3171 aut
876 3110 1028 3184 Scaevola,
1051 3128 1151 3187 regem

210 3200 267 3272 Qui
289 3205 374 3278 petat
396 3220 500 3260 arsura
523 3202 689 3277 Tyrrenum
712 3198 845 3260 occidere
868 3199 979 3260 dextra.

281 3431 314 3479 98
334 3426 433 3478 extuns
452 3424 528 3477 codd.
552 3426 562 3494 ΙΙ
587 3429 620 3477 97
640 3440 704 3478 eum
723 3439 757 3478 ea
775 3426 803 3479 A
839 3422 959 3478 resolvet
977 3421 1068 3489 Aes.
1096 3423 1105 3490 ll
1133 3425 1166 3473 98
1185 3420 1222 3473 si·
1294 3479 1295 3484 ἵ

209 3495 279 3549 billa
298 3497 325 3551 A
338 3498 348 3565 ll
363 3500 414 3548 106
432 3495 564 3550 uictrices
582 3496 610 3550 A
624 3498 633 3566 ll
653 3502 703 3550 117
722 3511 758 3549 ne
776 3497 898 3566 pignora
916 3497 943 3550 A
966 3497 975 3564 ΙΙ
999 3500 1049 3548 119
1068 3493 1221 3563 pugnando

208 3569 246 3635 A,
264 3566 314 3620 ubi
329 3572 393 3634 poet
410 3573 486 3637 terga
504 3566 534 3621 in
552 3582 640 3638 marg.
