2659 3909
421 184 552 239 ILIADIS
570 184 681 239 LIBER
697 185 834 241 PRIMVS

125 335 262 413 Quotque
286 338 400 395 animas
423 336 516 395 fortes
539 336 663 395 heroum
685 336 802 396 miserit
824 334 922 397 Orcho

127 423 303 501 Quantaque
326 428 392 484 tum
416 424 538 485 canibus
561 427 739 485 miserorum
762 444 886 501 corpora
908 429 1022 503 passim

100 514 225 589 5Atque
250 514 354 575 avibus
377 514 519 574 lanianda
541 514 622 589 tulit
646 533 705 590 quo
727 519 861 591 ternpore
884 516 1014 593 primum

10 646 20 673 p
125 603 247 662 Atrides
269 607 368 663 rector
389 604 570 679 populorum
594 605 624 662 et
646 603 714 663 dius
737 603 868 665 Achilles

125 691 209 752 Inter
232 711 262 753 se
286 696 410 765 certant,
434 692 475 751 sic
498 692 614 767 Iupiter
635 694 701 769 ipse
723 693 852 754 volebat.

126 781 198 851 Quis
222 781 293 841 deus
317 781 366 840 hic
386 784 488 841 tantos
511 782 626 840 irarum
648 784 770 842 miscuit
792 782 913 843 aestus?
980 851 982 854 ¹

126 869 259 929 Latonae
283 871 411 947 genitus,
434 873 605 945 contempto
627 873 750 930 numine
773 890 861 933 saevo

87 958 263 1023 roInfensus
286 959 360 1037 regi,
382 961 498 1035 pestem
521 961 691 1020 conciverat
714 963 811 1020 atram

127 1046 233 1107 Castra
255 1068 309 1124 per
332 1051 362 1107 et
384 1048 529 1124 populum
551 1048 752 1125 procumbunt
774 1050 907 1126 undique
930 1049 1042 1109 morbo.

125 1138 263 1212 Namque
286 1137 468 1197 sacerdotem
491 1137 584 1196 Phebi
606 1140 826 1213 contempserat
847 1139 900 1197 ille

127 1224 269 1300 Chrisem,
293 1226 345 1301 qui
367 1226 483 1285 ratibus
507 1226 599 1287 solers
622 1226 786 1286 advenerat
807 1227 912 1306 Argis3

125 1314 241 1373 Laurea
265 1318 345 1373 serta
368 1314 415 1373 dei
438 1315 575 1374 manibus
600 1318 808 1393 sceptrumque
830 1317 955 1395 gerebat

86 1428 112 1468 15
125 1404 167 1461 Et
189 1421 266 1479 quae
290 1405 351 1463 sint
373 1407 462 1463 natae
484 1406 615 1480 pretium
637 1407 765 1465 ventura
786 1406 936 1470 redemtae

125 1492 286 1569 Fulgentes
310 1495 403 1552 ocreis
426 1493 548 1553 Danaos
572 1494 671 1553 oravit
693 1495 724 1553 et
746 1495 825 1555 altos

126 1581 289 1657 Praecipue
311 1582 445 1656 Atridas,
466 1602 565 1642 rerum
589 1583 656 1659 quis
680 1601 796 1643 summa
819 1588 966 1659 potestas:

125 1670 251 1729 Atridae
275 1673 365 1748 atque
389 1672 443 1731 alii
465 1675 529 1731 tam
552 1671 709 1747 splendida
731 1690 857 1749 corpora
880 1672 974 1747 Graii,

127 1757 268 1819 Obtestor
291 1778 422 1837 superea,
441 1760 521 1821 ¹caeli
544 1763 597 1837 qui
620 1761 751 1819 culmina
773 1765 902 1837 servant,

86 1872 113 1913 ,ο
126 1847 208 1908 Dent
230 1849 367 1909 manibus
391 1852 498 1910 vestris
521 1848 656 1929 ingentia
678 1851 798 1910 moenia
820 1852 927 1912 Troiae

126 1937 260 2013 Vertere,
283 1941 348 1997 turn
371 1939 466 1999 laetos
488 1940 603 2014 patrios
628 1938 765 1999 accedere
787 1943 900 2016 portus.

10 2018 11 2021 ’
126 2025 254 2086 Munera
276 2028 472 2103 praetendens
496 2027 590 2105 vobis,
613 2028 687 2087 haec
709 2048 833 2089 munera
854 2032 952 2105 porto,

128 2114 252 2191 Sumite,
274 2119 337 2174 tam
361 2135 462 2176 caram
483 2118 592 2176 misero
615 2117 690 2175 mihi
713 2118 832 2178 credite·
846 2122 951 2178 natam

127 2204 168 2263 Et
190 2223 332 2283 magnum
357 2208 473 2281 sperate
497 2206 594 2280 deum,
618 2208 668 2265 cui
690 2210 771 2266 certa
794 2207 906 2285 sagitta

86 2316 112 2356 aa
126 2293 183 2352 nst
205 2294 343 2353 manibus
365 2296 522 2370 prolesque
544 2295 625 2355 Iovis
650 2298 805 2355 carissima
826 2316 949 2373 semper.

127 2382 287 2441 Assensere
311 2382 364 2441 alii
387 2383 578 2459 tollendaque
602 2384 737 2460 praemia
759 2387 879 2445 censent

127 2471 378 2547 Reddendamque
400 2474 481 2548 patri
504 2475 607 2531 natam
629 2476 787 2549 vatemque
810 2476 914 2534 vereri.

127 2560 173 2620 Ac
194 2578 252 2619 non
277 2561 402 2621 Atridae
425 2562 539 2638 placuit
562 2562 719 2636 sententia,
743 2563 830 2623 dictis

130 2648 187 2708 Sed
210 2649 351 2727 gravibus
376 2649 509 2711 Chrisem
531 2651 649 2711 ratibus
672 2651 820 2711 discedere
842 2654 931 2713 iussit

87 2760 114 2800 ao
130 2739 275 2814 Taliaque
298 2738 437 2798 horribili
459 2740 545 2799 vultu
568 2740 726 2815 verbisque
748 2743 895 2802 minatus:

127 2828 207 2886 Hinc
229 2828 382 2903 periturus
406 2827 468 2887 abi!
491 2830 553 2887 iam
576 2831 606 2887 te
629 2848 684 2889 nec
705 2832 830 2887 numina
852 2829 947 2889 Phebi

126 2918 196 2975 Non
218 2916 297 2976 lauri
319 2936 379 2977 non
403 2920 520 2992 sceptra
542 2920 654 2994 tegent,
678 2920 704 2977 si
726 2918 852 2979 navibus
876 2921 946 2979 altis

128 3005 187 3064 Seu
209 3026 288 3065 nunc
310 3006 480 3065 tardantem
503 3024 606 3067 rursus
630 3025 682 3067 seu
705 3010 803 3067 castra
825 3010 976 3084 petentem
1038 3051 1040 3056 ,

127 3095 280 3174 Attigero:
303 3114 357 3155 nec
380 3098 460 3154 enim
483 3098 552 3155 ante
575 3099 662 3172 putes
685 3096 743 3155 tibi
765 3098 879 3157 solvere
902 3101 1007 3157 natum

87 3203 114 3245 as
130 3182 226 3254 Quam
249 3186 354 3260 procul
377 3204 395 3243 a
417 3187 518 3260 patria
541 3204 629 3245 canos
653 3184 818 3246 ostenderit
839 3187 943 3264 Argis!

128 3272 186 3331 Hic
209 3277 293 3332 texat
315 3274 400 3348 telas,
423 3274 472 3333 hio
494 3277 597 3333 nostra
620 3273 732 3333 cubilia
755 3277 847 3335 curet.

129 3361 143 3419 I
166 3361 289 3420 tandem
312 3380 476 3439 caveasque
497 3366 560 3423 tuis
583 3384 630 3423 me
653 3364 809 3424 incendere
831 3364 944 3425 verbis!

202 3554 234 3602 13
254 3548 435 3618 Chrisemque
448 3552 458 3619 l
473 3556 504 3605 19
526 3528 617 3605 serrat
630 3554 640 3619 l
654 3556 688 3603 24
707 3551 822 3621 sagipta
