2659 3909
175 206 219 271 60
526 208 636 264 PETRI
654 208 703 262 DE
722 208 830 264 coms

176 374 254 434 eum,
287 358 475 437 quingentos,
503 361 555 436 qui
582 359 690 437 recipit
722 380 789 419 eum
812 363 843 419 et
865 379 925 420 non
956 362 1079 435 revelat,
1110 362 1197 420 furca

176 447 381 524 suspendatur.
428 448 542 509 Deinde
565 452 631 509 tum
658 452 783 526 propter
809 469 893 508 arma
924 453 1044 525 reperta
1074 448 1197 509 habitus

179 538 333 612 suspectus
361 537 510 615 Angelus,
538 559 572 598 eo
597 538 678 614 quod
701 557 785 597 arma
807 538 862 598 illa
888 538 982 599 inscio
1009 540 1075 615 ipso
1098 540 1129 598 et
1150 540 1197 598 in·

180 627 244 685 vito
267 626 299 683 in
323 625 410 686 domo
435 645 490 686 sua
513 628 607 688 locari
629 647 690 686 non
712 630 887 703 potuerant,
913 631 980 686 tum
1001 648 1056 704 per
1082 628 1196 687 dictum

148 714 234 777 afllii
258 717 364 790 captus
387 716 448 775 fuit
471 717 574 775 eadem
597 716 653 791 die,
678 716 730 793 qui
752 716 785 776 in
808 717 895 776 domo
919 716 1008 776 amici
1026 717 1072 776 sui
1094 718 1197 776 latita·

176 802 237 862 bat.
277 803 533 864 Vicecamerarius
556 808 661 883 postea
679 807 712 864 in
731 804 881 880 Capitolio
899 806 935 865 de
948 806 1037 866 malis
1055 806 1198 881 moribus,

176 892 334 967 seditione,
371 894 502 953 factione
535 899 565 953 et
600 895 818 973 ingratitudine
852 894 997 971 Stephani
1032 913 1197 953 sermonem
1310 903 1326 958 ζ

175 982 256 1056 fecit,
278 982 434 1043 lohannes
455 983 648 1043 Baroncellus
672 984 746 1043 civis
764 983 918 1043 Romanus
942 983 1105 1044 advocatus
1128 1002 1196 1043 con-

176 1071 337 1131 sistorialis
355 1090 412 1147 pro
437 1074 549 1149 populo
568 1073 703 1131 Romano
726 1090 901 1149 responsum
919 1073 1002 1132 dedit
1019 1076 1051 1132 et
1072 1092 1197 1132 narrans

135 1182 161 1221 ic
175 1178 280 1235 pacem
304 1161 481 1221 continuam
507 1165 640 1238 tempore
663 1163 785 1222 Nicolai
806 1180 903 1238 papae
926 1163 955 1219 V
978 1165 1009 1221 et
1035 1165 1083 1221 tot
1109 1162 1197 1219 bene-

176 1249 256 1325 ficia,
276 1268 352 1325 quae
371 1250 439 1309 urbi
461 1252 637 1325 contulerat,
659 1251 813 1310 iusticiam
830 1270 921 1327 super
937 1251 1068 1310 factione
1086 1250 1196 1309 facien·

179 1338 249 1396 dam
268 1340 331 1398 fore
351 1341 504 1399 conclusit.
550 1340 726 1400 Franciscus
741 1338 897 1400 Gabadeus
911 1340 1064 1400 Romanus
1082 1360 1199 1415 pauper

176 1426 304 1487 servitor
334 1428 482 1488 nobilium
509 1432 540 1487 et
563 1428 708 1506 Stephani
741 1430 854 1488 amicus
882 1429 938 1487 hoc
966 1429 1014 1487 die
1047 1429 1197 1488 obtulerat

177 1534 222 1591 se,
246 1516 271 1575 si
300 1517 373 1593 quid
405 1520 520 1593 posset,
548 1518 643 1578 sorori
676 1516 821 1593 Stephani
848 1520 935 1577 uxori
966 1518 1072 1577 Jacobi
1104 1517 1196 1576 Lelli-

137 1628 162 1667 15
177 1604 266 1665 cechi.
322 1606 415 1666 Facta
447 1609 509 1666 iam
540 1611 627 1667 nocte
660 1626 729 1666 cum
759 1608 792 1666 in
824 1607 944 1666 domum
981 1608 1044 1665 eius
1086 1609 1198 1668 secrete

177 1712 208 1753 se
240 1690 407 1754 reduxisset
431 1695 609 1772 Stephanus,
642 1715 727 1756 soror
747 1698 814 1771 ipsa
840 1696 878 1755 ad
902 1715 933 1755 se
966 1696 1103 1755 accersiri
1124 1698 1198 1754 fecit
1315 1729 1325 1741 ⁴

178 1784 370 1843 Franciscum
402 1784 510 1862 ipsum.
556 1784 692 1844 Accessit
723 1785 762 1843 ad
794 1803 869 1860 eam,
900 1785 1001 1859 ibique
1028 1784 1198 1860 Stephanus

177 1872 267 1931 dixit:
299 1875 421 1949 „amice
445 1874 514 1934 veni
542 1892 671 1949 mecum,
703 1892 787 1952 rogo,
810 1893 911 1933 eamus
939 1874 1061 1933 domum
1084 1874 1198 1931 domini

177 1960 279 2020 Latini
310 1963 471 2023 cardinalis
494 1962 609 2039 Ursini,
640 1962 699 2021 ibis
727 1963 765 2021 ad
798 1982 864 2021 eum
896 1966 1003 2038 primo,
1035 1962 1198 2039 expectabo

138 2074 165 2113 so
179 2050 304 2110 inferius
328 2054 359 2110 et
382 2052 517 2112 exorahis
541 2070 616 2130 eum,
640 2050 721 2128 quod
739 2053 814 2111 velit
835 2055 988 2129 receptare
1002 2072 1049 2111 me
1063 2052 1095 2109 in
1109 2051 1198 2111 domo

179 2138 260 2197 sua.“
308 2139 357 2201 Sic
389 2143 589 2218 pervenerunt
616 2140 738 2200 domum
765 2142 926 2201 cardinalis
948 2141 1060 2200 Ursini.
1105 2141 1198 2199 Fran-

179 2230 273 2287 ciscus
297 2230 430 2290 ascendit
453 2231 491 2289 ad
520 2230 714 2304 cardinalem,
744 2231 904 2290 cardinalis
933 2230 1037 2290 audito
1065 2249 1099 2289 eo
1122 2230 1198 2289 deti-

179 2318 246 2376 nuit
264 2338 341 2395 eum,
365 2318 534 2395 Stephanus
559 2319 685 2380 audiens
703 2320 785 2396 fugit
802 2322 833 2379 et
850 2320 908 2380 ivit
931 2319 1050 2379 domum
1074 2320 1197 2377 alterius

179 2408 289 2467 sororis
312 2426 383 2467 suae
406 2410 438 2467 in
461 2410 583 2486 regione
605 2408 764 2468 Arenulae.
812 2406 980 2468 Cardinalis
1002 2410 1087 2467 misit
1104 2408 1197 2467 Fran-

138 2496 290 2558 recissum
314 2497 352 2555 ed
374 2498 645 2573 vicecamerarium,
668 2497 915 2557 vicecsmerarius
937 2515 1008 2557 vero
1028 2499 1062 2555 in
1084 2500 1199 2556 turrem

179 2585 297 2643 soldani
326 2604 431 2663 papae.
477 2586 507 2646 Is
539 2586 651 2645 ibidem
687 2587 858 2661 requisitus,
894 2586 947 2644 ubi
979 2604 1042 2645 esse
1078 2587 1198 2662 poterat

180 2672 359 2750 Stephanus,
383 2674 471 2735 dixit:
499 2675 587 2735 debet
609 2694 673 2735 esse
696 2676 729 2735 in
752 2675 839 2734 domo
867 2676 976 2735 sororis
1004 2693 1075 2733 suae
1098 2675 1130 2733 in
1153 2693 1197 2733 re·

180 2763 268 2839 gione
291 2764 449 2823 Arenulae.
496 2764 571 2823 dixit
594 2766 675 2823 enim
697 2764 784 2822 mihi:
814 2767 844 2822 et
867 2764 893 2823 si
915 2764 1076 2823 cardinalis
1103 2763 1199 2822 nollet

254 3006 405 3060 lrevellat
429 3009 459 3062 V.
483 3008 492 3075 ss
515 3012 530 3059 2
550 3006 588 3059 od
610 3022 666 3061 ecc.
694 3006 818 3074 reperta:
847 3006 1140 3071 a2·.nocinz.11ffi
1165 3005 1199 3059 de

179 3079 265 3145 sartis
283 3095 331 3146 per
344 3079 414 3132 Bar.
435 3080 462 3133 V
472 3080 503 3133 in
517 3094 602 3148 marp.
621 3108 657 3117 -
676 3077 785 3131 Deinde
799 3107 834 3117 -
848 3076 977 3131 latitabat
991 3078 1057 3130 ante
1074 3076 1198 3143 priorem

181 3148 328 3217 periodum
346 3150 463 3203 Interim
478 3180 511 3190 -
525 3149 711 3217 suspendatur
728 3147 834 3217 legitur
851 3148 882 3200 in
900 3148 937 3201 K
952 3150 962 3217 ΙΙ
981 3154 997 3201 3
1017 3164 1049 3202 eo
1068 3148 1140 3201 deest
1158 3147 1196 3201 K.

181 3219 271 3273 inscio
289 3218 340 3273 illo
359 3221 397 3274 K.
420 3222 429 3290 ΙΙ
456 3223 608 3289 4propter
626 3219 735 3273 dictum
754 3219 791 3273 K.
814 3221 824 3288 ΙΙ
851 3219 922 3273 8de
940 3217 1113 3273 Baroncellis
1132 3218 1170 3271 K.

183 3296 224 3344 101
235 3292 361 3360 tompore
379 3292 462 3345 istius
485 3290 626 3359 pontificis
646 3292 684 3345 K.
707 3292 716 3359 ΙΙ
745 3296 777 3343 12
798 3288 942 3344 Sabadeus
961 3292 999 3344 K.
1027 3293 1037 3360 ll
1065 3296 1098 3344 15
1116 3289 1198 3344 belli-

182 3361 282 3416 chechi
301 3362 338 3415 K.
361 3364 371 3431 ΙΙ
395 3367 427 3415 16
446 3361 605 3415 reduxisset
627 3378 656 3415 se
677 3362 713 3415 K.
737 3364 746 3431 ΙΙ
770 3367 802 3414 17
822 3360 909 3415 istum
928 3363 965 3416 K.
1003 3361 1113 3431 sibique
1133 3363 1169 3417 K.
1195 3361 1199 3433 Ι

182 3437 217 3486 20
235 3449 280 3487 me
300 3434 447 3502 acceptare
475 3433 513 3487 K.
545 3434 554 3501 ll
587 3439 620 3486 23
640 3432 678 3486 ad
696 3432 811 3486 domum
838 3434 876 3488 K.
909 3435 918 3503 ΙΙ
950 3439 984 3487 ab
1005 3432 1106 3488 turrim
1133 3434 1170 3489 K

183 3509 217 3557 26
235 3505 349 3628 poterpp
366 3504 463 3573 Steph.
483 3519 543 3559 esse
571 3504 609 3559 K.
633 3506 641 3573 ΙΙ
665 3508 763 3573 28—p.
779 3510 848 3571 61,2
868 3504 941 3558 dixit
960 3538 994 3545 —
1012 3504 1135 3561 Arenule
1153 3507 1198 3561 dc-

181 3581 247 3629 scrit
265 3576 297 3628 ic
347 3616 354 3628 .

1309 2818 1326 2936 ,ἶ

1188 3220 1198 3288 i
