2659 3909
173 178 217 241 54
668 176 781 228 X·

172 326 208 385 In
232 330 322 403 eaput
345 345 428 385 arma
450 281 536 384 tuum
559 325 658 385 moliti
681 328 712 385 et
735 327 838 389 foedus
861 331 893 385 et
915 330 992 386 iram

173 416 325 493 Regnator
349 415 482 475 Sioulum
504 415 686 491 Venetiqne:
709 417 742 473 in
764 416 883 475 turbine
906 434 1005 475 rerum

133 526 158 566 aa
172 505 227 563 Vis
252 497 385 585 (inopem
409 522 592 580 quamquam
615 496 733 585 auxilii)
757 524 818 564 non
839 505 948 563 terruit
970 504 1041 563 ulla.

174 592 252 663 Quin
277 612 349 652 auro
374 596 464 668 atque
488 592 593 669 opibus
616 593 741 654 fidentes
763 594 891 653 fortibus
915 592 1006 653 armis

174 682 269 759 Saepe
292 684 449 741 renitentis
472 683 603 740 Venetos
626 682 664 741 ad
687 683 809 742 foedera
832 683 925 743 duxti.

173 771 352 830 Hanibalem
374 773 486 830 totiens
509 773 622 830 vietum
645 770 853 847 Pioininiaque
876 790 960 831 arma

173 860 313 919 Vidimus
337 862 367 919 et
389 860 493 919 mediis
517 861 653 919 Veronae
676 861 830 921 moenibus
854 862 926 920 olim

134 970 161 1011 ao
174 951 322 1023 Eiectum,
346 968 413 1011 oum
436 952 483 1008 tot
506 950 608 1026 galeas
632 952 663 1008 et
685 952 770 1009 scuta
792 951 931 1025 virosque

174 1039 329 1098 Fluctibus
352 1039 508 1098 involvens
531 1038 653 1097 Athesis
677 1058 758 1099 mare
781 1040 900 1099 decolor
922 1041 1025 1097 intras.

175 1126 252 1197 Quid
275 1146 363 1204 super
386 1127 537 1189 Ausonias
561 1129 638 1187 aoies
663 1132 716 1187 aut
739 1128 850 1205 oppida
873 1130 970 1189 vietor

174 1216 311 1277 Edidoris
333 1219 499 1275 memorent
522 1218 584 1291 alii,
608 1217 715 1292 quibus
739 1220 856 1277 auxeris
879 1217 970 1275 armis

175 1306 249 1364 Rem
272 1308 429 1379 Venatum,
451 1306 578 1381 populos
602 1309 677 1381 quot
698 1306 753 1365 sub
777 1306 893 1366 dioione
916 1306 1033 1365 dedisti.

135 1415 161 1455 aa
177 1394 210 1453 Si
232 1395 321 1454 deous
344 1395 495 1455 Ausoniae
518 1395 566 1454 val
589 1395 756 1472 relligionis
778 1395 922 1454 honorem
1045 1414 1047 1416 ’

175 1484 319 1560 Respicis,
343 1486 496 1543 aeternum
519 1504 629 1543 numen
652 1485 679 1543 si
700 1486 827 1561 uirginis
850 1486 919 1543 alvo

175 1573 294 1631 Inolndi
316 1574 389 1632 reris
413 1573 543 1632 voluisse
567 1576 597 1631 et
621 1592 743 1648 oorpore
766 1574 853 1651 fungi

175 1662 307 1737 noran,
331 1680 399 1720 oum
421 1662 466 1719 nil
487 1663 520 1721 in
544 1681 574 1721 se
597 1663 724 1722 mortale
747 1663 860 1737 fument,
947 1661 949 1667 '

177 1752 365 1828 Supplicium
388 1751 425 1809 ob
449 1770 557 1810 noxam
579 1752 670 1828 primi
694 1751 819 1811 subiisse
842 1752 986 1827 parentis,

136 1862 163 1900 ro
176 1840 262 1899 Aude
287 1842 379 1898 animi
401 1840 495 1898 fidens
519 1860 578 1916 quo
600 1843 631 1899 te
653 1843 743 1900 vooat
765 1840 860 1898 ardna
882 1840 992 1899 virtus!

178 1928 295 1988 Sentiat
317 1930 369 1987 ille
393 1931 471 1988 aoies
495 1933 526 1989 et
549 1949 625 2005 quae
648 1930 706 1988 tibi
729 1930 856 1987 fulmina
879 1929 998 1989 Mavors

178 2018 328 2097 suggerit,
351 2020 382 2077 et
404 2022 534 2094 quantus
558 2021 598 2077 sis
623 2018 793 2095 experiatur
815 2020 848 2076 in
871 2020 970 2077 armis.

178 2106 225 2165 su
247 2107 332 2167 labor
353 2108 491 2183 inprimis
515 2107 608 2167 Italas
633 2108 794 2184 adiungere
816 2109 908 2182 vires3

136 2234 140 2244 ‚
177 2196 244 2254 Huo
268 2195 399 2255 studium
423 2199 561 2255 converte
585 2216 760 2272 omnemque
782 2198 840 2255 huo
863 2196 959 2275 dirige
982 2200 1119 2255 mentem.

137 2306 163 2344 45
178 2285 269 2344 Dives
293 2304 383 2361 opum
405 2288 557 2344 variarum
581 2288 835 2345 armentosissima
858 2285 948 2344 tellus
1170 2281 1173 2285 ’

178 2374 300 2432 Auxilia
323 2393 407 2433 arma
431 2377 461 2433 et
483 2393 553 2450 opes
577 2394 683 2433 aurum
705 2376 864 2453 frugesque
887 2376 1025 2449 virosque
1146 2423 1149 2426 ,

178 2463 268 2521 Italia
291 2462 418 2521 undanti
441 2464 545 2521 fundet
567 2464 768 2539 pulcherrima
790 2483 891 2522 eornu.

141 2590 143 2596 ·
178 2553 247 2612 Non
270 2571 344 2627 opus
369 2551 497 2611 externis
520 2552 592 2611 belli
614 2572 670 2628 pro
693 2554 812 2612 nomine
835 2554 928 2613 vires:

180 2641 339 2700 Sufficiunt
361 2640 467 2715 Italae,
489 2640 578 2701 modo
600 2642 627 2701 si
650 2643 839 2701 oumnlentur
861 2642 893 2699 in
915 2662 1017 2715 unum,

139 2750 165 2790 so
179 2732 286 2790 Tutari
302 2729 474 2789 ‘Ausoniam
497 2733 528 2788 et
549 2732 702 2791 venientes
725 2732 836 2807 pellere
859 2731 1001 2806 Turohos‚

180 2818 258 2889 Quin
280 2819 385 2879 Asiam
409 2822 499 2894 atque
523 2821 620 2879 oriens
643 2820 752 2879 iterum
775 2840 830 2881 sua
853 2820 908 2879 sub
931 2821 1003 2897 iuga
1026 2820 1157 2879 mittant.

139 2917 140 2920 ’
179 2910 286 2987 Delige
308 2910 495 2984 praestantes
517 2911 630 2969 virtute
654 2913 684 2969 et
706 2910 819 2969 viribus
842 2928 944 2968 annos,

180 2998 301 3057 Assueti
323 2998 402 3057 bello
425 2997 563 3058 Insubres
586 2999 654 3058 Boii
677 2998 870 3077 Lyguresque

180 3088 296 3165 Agmen
321 3089 414 3165 agant
436 3090 573 3163 equitum
597 3091 703 3147 ooeant
725 3088 814 3148 simul
836 3088 969 3163 undique
991 3090 1094 3165 gentes

140 3196 165 3237 so
181 3176 366 3235 Sfortiadum
389 3179 643 3255 anguigerumque
667 3180 698 3237 et
720 3178 846 3236 ventilet
869 3178 974 3255 anguis
997 3176 1030 3233 in
1053 3176 1150 3249 auras,

179 3267 305 3324 Eminus
328 3269 451 3325 auratae
474 3267 593 3325 radient
615 3267 787 3325 diademata
809 3267 925 3324 frontis.

180 3355 304 3415 Adriaoi
327 3354 365 3415 ad
387 3356 460 3415 litus
482 3355 588 3415 mediis
612 3373 702 3433 super
724 3355 861 3430 aequoris
884 3353 972 3413 undis

252 3550 286 3597 34
306 3544 357 3599 sub
378 3544 485 3598 ditione
504 3542 584 3598 dedit
596 3546 606 3613 l
620 3550 652 3598 51
674 3544 788 3598 mittent
