2659 3909
186 216 231 281 42
673 221 713 275 VI

187 370 237 430 Sia
259 372 349 431 fatus.
396 372 568 447 Timuitque
592 390 681 432 senex
704 373 876 449 dictumque
899 372 1029 447 facessit,

185 460 333 521 Undisoni
354 460 581 536 tacitus‘petiit
601 480 674 520 nam
695 462 801 521 littora
823 464 918 539 ponti.

141 572 172 612 so
185 550 263 609 Hinc
287 550 363 609 abiit
384 551 473 627 longe
496 551 633 625 precibus
656 551 850 627 Phebumque
873 553 1005 611 vocarit:

184 640 360 698 Arcitenens
383 657 500 716 magne,
524 638 646 699 Ohrisae
670 642 723 716 qui
745 643 864 699 moenia
887 641 998 699 lustras

184 728 384 803 Divinamque
407 730 486 805 regis
511 727 619 788 Gillam
643 729 854 805 Tenedumque
877 729 1034 806 gubernas,

185 816 351 890 Smintheu
374 819 400 875 si
424 836 482 892 qua
505 816 563 875 tibi
584 820 672 893 posui
695 819 896 893 pulcherrima
917 819 1032 894 templa

185 905 275 982 Siqua
297 908 360 965 tuis
384 906 443 965 aris
466 908 623 965 taurorum
644 909 771 984 pinguia
794 920 881 966 crura
918 945 921 954 ‹

119 1015 169 1056 .4c
185 995 408 1072 Caprarumque
432 995 508 1070 dedi,
521 996 642 1055 ¹nostris
665 1014 770 1072 precor
793 1016 889 1055 annue
911 999 1005 1057 votis:

183 1085 265 1144 Dent
287 1085 387 1143 Danai
409 1102 521 1160 poenes
543 1084 714 1161 infestaque
736 1088 838 1145 conice
860 1086 930 1159 tela,

183 1174 226 1233 Ut
247 1174 370 1234 tandem
392 1174 531 1232 lacrimas
555 1173 673 1233 discant
696 1169 909 1234 rontemnere
933 1175 1063 1233 nostras!

182 1262 289 1322 Audiit
311 1263 384 1321 haec
406 1262 523 1322 Phebus
546 1265 680 1340 graviter
703 1266 868 1323 commotus
892 1267 923 1322 et
944 1265 1021 1323 imas

183 1351 294 1412 Desilit
314 1354 347 1409 11
370 1353 464 1411 terras
488 1369 604 1411 summo
624 1352 663 1411 de
686 1353 796 1412 veitice
819 1353 895 1413 caeli
918 1343 920 1349 ’

141 1462 169 1504 ee
183 1441 296 1500 Arcum
318 1438 449 1499 humeris
472 1436 702 1517 pharetramque
726 1460 845 1519 gerens3
867 1445 933 1500 tum
955 1439 1092 1500 turbidus
1115 1442 1161 1498 ira

182 1530 276 1589 lrruit
299 1533 329 1588 et
353 1548 478 1605 quassae
501 1532 633 1589 sonitum
655 1531 751 1589 fecere
774 1533 912 1609 sagittae.

182 1620 391 1697 Argiuumque
414 1620 493 1693 petit
516 1619 639 1678 classem
663 1619 862 1679 circumdatus
885 1618 992 1677 umbra

182 1708 380 1784 conseditque
403 1707 507 1783 procul
530 1707 629 1767 subito
653 1728 836 1785 nervumque
859 1708 988 1767 tetendit

181 1798 277 1857 Areus
301 1801 332 1857 et
353 1795 501 1856 horrendo
524 1795 617 1855 telum
640 1797 768 1857 stridore
791 1797 915 1856 remisit.

139 1908 167 1949 ec
181 1885 246 1947 Hoc
269 1886 366 1945 mulos
388 1885 569 1961 rapidosque
593 1904 681 1945 canes
704 1886 753 1944 hie
775 1899 901 1962 corpora
924 1885 1049 1945 Graium

181 1976 284 2035 Finxit
306 1974 442 2035 inaudito
466 1977 597 2035 tentavit
620 1977 651 2034 et
675 1978 797 2054 agmina
819 1976 930 2034 morbo.

182 2064 249 2123 Heu
272 2067 413 2124 miserum
436 2067 596 2139 postquam
618 2065 713 2123 telum
736 2067 883 2124 contorsit
905 2082 1050 2141 amarum,

180 2154 266 2213 Muta
288 2156 387 2214 virum
410 2153 519 2213 crebris
542 2153 688 2212 ardebant
710 2156 832 2229 pectora
854 2154 990 2213 fiammis.
1081 2171 1104 2224 f

581 2382 796 2392 ———--

662 2555 716 2621 Vl.

180 2693 289 2749 oratii
306 2692 453 2748 Romani
476 2692 521 2747 ad
539 2692 640 2748 Pium
657 2690 695 2747 11
717 2694 812 2760 pont.
831 2706 921 2747 max.
942 2692 1196 2761 epigrammata.

678 2834 704 2888 1.

179 2958 243 3016 Nos
267 2956 391 3033 dignum
413 2956 528 3014 meritis
551 2956 636 3013 inte
659 2954 835 3030 profitemur
857 2954 1000 3013 honorem

225 3047 265 3104 Et
287 3044 420 3104 decuisse
444 3044 532 3103 Pium
555 3044 726 3121 pontificale
750 3043 847 3101 decus.

180 3135 383 3195 Dardanicum
405 3135 519 3193 lineam
539 3135 639 3209 'pietas
662 3151 752 3208 super
775 3133 896 3191 aethera
918 3134 1000 3191 vexit

225 3225 325 3299 Teque
350 3224 396 3281 sui
419 3242 531 3282 nomen
549 3222 704 3299 sanguinis
728 3238 791 3279 esse
814 3221 929 3297 probat.

252 3452 285 3500 49
305 3445 419 3500 Desiliit
437 3448 445 3514 ΙΙ
465 3451 497 3499 51
518 3444 629 3513 sagipte
643 3445 652 3513 11
666 3461 691 3496 v.
706 3447 741 3496 58
760 3442 790 3495 in
806 3460 894 3514 marg.

252 3517 299 3571 Vl.
314 3516 381 3571 Ood.
391 3517 417 3570 X
431 3516 556 3570 Rossetti
565 3514 756 3568 bibliothecae
765 3514 946 3585 municipalis
956 3515 1011 3570 Ter
1032 3518 1139 3572 estinae
1150 3518 1194 3588 (A)

180 3589 228 3644 fol.
250 3596 306 3643 13'.
344 3587 410 3642 (lod.
429 3587 454 3642 J.
473 3586 533 3654 Vll,
548 3590 599 3640 260
624 3583 815 3639 bibliothecae
834 3585 990 3658 chigianus
1044 3592 1053 3659 )
1072 3589 1194 3645 f01.1e'.
