2659 3909
273 233 430 289 ORATIVS
448 234 625 289 ROMANVS
643 234 703 289 PIO
721 235 755 291 Π.
774 234 879 290 ΡΟΝΤ.
899 234 987 290 MAX.
1095 236 1141 302 45

96 384 218 455 sQuale
241 404 295 446 nec
317 386 472 464 Augustus
494 404 550 445 nec
574 388 627 462 qui
648 389 680 446 te
703 387 839 465 Auguste
863 386 995 446 canendo

168 475 311 535 Reddidit
334 478 487 536 aeternum
510 475 614 535 Peleos
638 478 693 534 aut
715 475 859 553 genitum.

123 564 192 624 Non
213 564 299 623 labor
321 566 375 623 aut
396 566 543 641 sumptus,
566 564 652 624 dolor
674 583 742 623 acer
764 566 916 641 honorque
939 583 1072 624 recessus

168 653 210 713 Et
231 654 329 713 rabies
352 654 429 712 caeli
451 654 623 713 continuere
646 655 724 713 tuos.

123 742 248 818 Imperii
271 746 341 802 sunt
362 742 437 802 haec
460 761 535 818 quae
557 744 691 818 primum
714 744 861 803 elementa
883 742 1008 819 parasti,

84 851 110 892 ro
169 830 212 890 Ut
235 832 324 891 cadat
345 831 465 892 hostilis
488 834 591 891 nostra
615 832 671 891 sub
695 848 779 892 arma
801 832 893 890 furor.

124 920 184 979 Par
207 920 290 996 operi
312 924 398 980 tanto
421 923 467 979 est
490 922 618 994 animus,
641 921 667 981 si
689 921 804 981 viribus
827 939 915 995 esses,

170 1008 260 1086 Spem
281 1010 372 1084 fovet,
394 1012 430 1068 ut
452 1009 563 1082 vincas,
586 1009 753 1087 relligionis
777 1028 868 1069 amor.

588 1392 676 1459 VIII.

276 1526 415 1583 oratius
436 1528 612 1583 Romanus
634 1529 697 1584 Pio
720 1529 765 1585 11
788 1532 882 1598 pont.
906 1544 997 1585 max.

123 1648 161 1706 Pi
184 1646 272 1707 decus
296 1650 450 1707 aeternum
472 1650 599 1724 patriae,
623 1668 683 1724 quo
706 1651 842 1725 principe
864 1669 967 1710 rursus

125 1735 204 1796 Orbe
226 1738 413 1813 triumphato
437 1756 554 1797 sacrum
577 1740 669 1814 caput
690 1740 803 1798 inseret
825 1742 914 1798 astris

21 1835 29 1852 ¹
124 1826 216 1885 Italia
241 1829 331 1902 utque
354 1826 446 1885 Asiae
470 1827 558 1886 solito
581 1829 649 1885 ruet
673 1829 771 1886 omine
792 1847 926 1905 regnum,

126 1913 229 1974 Cernis
252 1918 287 1973 ut
309 1914 436 1974 insultet
459 1914 545 1973 furiis
569 1916 703 1992 agitatus
725 1914 891 1991 Aerras?

96 2002 270 2065 sSuooessu
292 2023 391 2063 rernm
414 2004 528 2063 domita
551 2023 642 2079 quam
666 2004 766 2064 nobile
790 2005 940 2081 quondam

125 2092 300 2170 Hospitium
322 2092 424 2169 pelagi
446 2092 596 2152 Pausania
620 2093 754 2152 condidit
776 2093 850 2152 urbe

127 2181 266 2257 Concipit
289 2180 437 2257 Europen.
483 2180 577 2240 Italos
601 2182 675 2240 satis
699 2200 762 2241 esse
784 2183 905 2259 fatetur,

127 2270 258 2331 conatus
282 2272 335 2346 qui
356 2272 419 2329 iam
440 2271 542 2328 tantos
566 2272 596 2329 et
618 2274 691 2329 vota
713 2274 875 2330 morentur.

125 2360 188 2419 Nec
210 2360 311 2419 minus
335 2359 442 2418 audaci
464 2359 591 2434 populos
614 2359 726 2434 premit
747 2360 880 2435 undique
903 2360 981 2421 bello

84 2470 112 2510 ro
126 2449 285 2507 Finitimos
307 2447 340 2506 in
362 2466 455 2525 regna
478 2451 509 2505 et
531 2466 619 2525 agros
641 2447 788 2524 urbesque
810 2449 917 2508 ferooit

126 2537 307 2611 Pannoniae,
331 2556 366 2596 ac
388 2538 470 2613 ripas
494 2535 591 2594 Histri
614 2537 813 2596 circumsonat
836 2538 927 2597 armis

126 2624 271 2686 Otumani
293 2644 399 2704 genus3
422 2626 580 2685 obscurum
602 2627 686 2683 trans
710 2626 812 2685 accola
834 2626 964 2702 primum

126 2717 276 2775 Euxinum
299 2719 330 2775 et
352 2715 479 2773 Tanaim
501 2713 654 2773 Mahomes
677 2714 777 2790 erupit
799 2714 837 2773 ab
860 2716 959 2791 orcho,

126 2802 185 2874 Qui
206 2806 285 2864 ferro
308 2806 339 2863 st
361 2804 489 2863 flammis
512 2803 627 2861 caelum
649 2802 812 2878 populetur
835 2806 865 2861 et
888 2804 997 2864 orbem.

84 2913 112 2954 rs
127 2893 228 2972 Digna
251 2896 339 2969 pater
360 2894 504 2968 reputans
528 2892 635 2950 animis
659 2890 837 2951 sublimibus
859 2894 920 2952 ista

126 2983 166 3042 Ilt
189 2984 305 3043 maiora
328 2982 400 3057 tuis,
424 2982 646 3056 cumprimum
670 2980 785 3040 culmen
809 2982 902 3041 adisti
1018 3020 1021 3026 ·

126 3071 312 3147 Pontificem,
335 3074 427 3149 caput
448 3088 503 3146 pro
526 3070 682 3148 relligione
699 3072 817 3155 ‚pacisci

125 3160 210 3221 Mens
233 3162 294 3221 fuit
317 3164 348 3220 et
369 3161 442 3221 totis
466 3177 619 3220 occurrere
642 3158 757 3218 viribus
780 3159 869 3220 hosti.

126 3248 281 3310 Invalidus
306 3269 487 3327 quamquam
509 3248 634 3324 pedibus
657 3267 711 3308 nec
734 3249 842 3308 fortior
864 3250 959 3325 annis,

85 3358 113 3397 so
126 3337 163 3395 In
186 3338 318 3397 lacrimis
340 3340 478 3415 linquens
501 3338 604 3397 urbem
627 3338 800 3414 patriosque
823 3341 946 3413 penates

126 3460 341 3469 -.-....

160 3525 397 3652 ffiltAreligionis
415 3527 440 3580 A
467 3529 476 3597 ΙΙ
503 3525 575 3581 VIII.
593 3525 620 3580 A
637 3524 686 3581 fol.
702 3531 755 3580 93¹.
774 3525 797 3579 B
816 3526 865 3582 fol.
880 3531 934 3581 9³³.
947 3530 992 3598 nt
1011 3528 1096 3581 misor
1114 3532 1144 3582 et

128 3613 159 3651 as
200 3616 212 3652 s
