2659 3909
535 214 718 271 POROARIA
1088 218 1130 282 27

62 387 104 428 eso
118 368 276 426 Virtutum
297 369 442 443 princeps.
488 368 541 426 Nil
563 368 621 427 heu
643 368 703 427 nisi
724 386 832 427 nomen
854 369 885 427 et
906 369 1013 428 umbra

117 456 224 515 Restat
247 459 278 515 at
299 458 441 533 antiquae
463 458 583 515 tantum
605 456 681 516 levis
703 455 786 517 urbis
808 459 918 535 imago.

117 544 177 604 Hei
200 544 253 603 ubi
274 544 383 633 siderei
404 564 550 621 proceres,
574 563 610 603 on
633 545 732 605 indita
754 548 852 605 virtus

116 633 176 694 Illa
199 634 311 693 viruml
336 634 451 695 cecidit
473 634 569 695 divini
592 633 713 694 seminis
737 634 834 709 ardor,

117 722 344 800 Magnanimum
367 724 493 783 heroum
515 724 577 782 iam
600 723 793 801 degenerarit
816 725 910 802 origo,

62 832 102 873 aas
117 811 256 873 Aetheris
279 814 398 889 antiqui
421 812 595 872 clementior
618 832 694 871 aura
715 814 846 872 recessit.

12 950 16 969 ‚
116 900 199 959 Haec
222 901 304 961 urbis
327 901 428 976 facies,
451 902 550 977 qualis
574 920 641 961 cum
664 902 776 979 frigore
798 904 895 977 primo

116 989 264 1050 Arcadiae
288 990 391 1065 saltus,
415 989 468 1048 ubi
489 990 607 1066 Iupiter
628 990 731 1050 horret
753 989 791 1049 ab
815 993 914 1065 astris,

116 1076 214 1139 Laxat
235 1077 330 1137 hiems
353 1078 472 1139 frondes
495 1078 660 1155 boreasque
684 1081 816 1156 excerpit
838 1080 981 1139 honorem

116 1166 290 1242 Arboribus,
312 1169 339 1226 si
363 1168 481 1243 quando
505 1169 575 1247 gelu
597 1169 758 1244 pulsantur
781 1172 812 1228 et
833 1168 932 1228 imbri.

61 1278 102 1319 aso
116 1257 262 1315 Vestities
284 1256 395 1330 horret,
418 1257 499 1317 foliis
522 1276 645 1317 nemora
667 1259 731 1317 alta
754 1257 873 1317 caducis

117 1344 220 1404 Strata
241 1346 349 1419 iacent,
372 1346 485 1405 feriunt
506 1364 657 1406 ramorum
681 1346 797 1405 excelsa
818 1347 976 1422 procellae,

117 1433 257 1509 Undique
280 1434 480 1510 procumbunt
501 1437 600 1511 ruptis
623 1435 775 1495 radicibus
798 1436 872 1495 orni

118 1521 150 1580 Si
174 1522 296 1598 rapidus
318 1522 454 1584 flammas
477 1525 581 1584 volvat
603 1525 756 1584 Vulcanus
780 1525 819 1583 ad
841 1542 939 1599 auras,

117 1611 200 1670 Tunc
223 1631 326 1672 nemus
350 1632 436 1673 omne
459 1613 576 1691 flagrat,
600 1613 710 1672 dilecta
733 1612 844 1673 cubilia
866 1613 1008 1691 nimphae

9 1758 11 1773 ,
62 1722 101 1763 ass
116 1698 287 1778 Diffugiunt
309 1702 418 1761 celeres
440 1702 583 1778 nullaque
605 1704 638 1761 in
660 1702 766 1762 fronde
787 1703 910 1763 virescit

116 1788 224 1865 Lucus,
247 1792 278 1849 et
300 1792 397 1850 exusti
419 1794 536 1851 restant
558 1793 623 1852 sine
645 1792 756 1851 cortice
778 1791 885 1851 uinci.

115 1878 183 1938 Heu
206 1880 334 1938 nimium
356 1898 507 1956 praeceps,
529 1881 656 1939 nimium
679 1879 793 1940 furiosa
814 1882 949 1939 vetustas

115 1967 271 2029 Acceleras
294 1970 479 2045 nimiumque
502 1970 565 2029 ruis
589 1972 709 2029 matura
731 1969 786 2029 sub
810 1988 893 2043 aevo,

114 2055 251 2133 Insignes
274 2076 374 2116 rerum
395 2058 474 2117 vires
498 2059 529 2117 et
551 2058 670 2136 singula
691 2058 784 2117 vertis

61 2168 101 2207 aro
115 2144 219 2204 Ardua
242 2146 391 2221 paulatim
411 2146 615 2223 mundumque
639 2166 728 2207 exosa
750 2149 888 2207 resolvis!

160 2233 310 2294 Iamiam
333 2235 429 2311 carpit
450 2237 510 2294 iter
532 2238 629 2314 surgit
652 2254 714 2312 qua
735 2240 822 2312 parte
845 2236 1006 2312 superbum

114 2322 206 2381 Ilium
229 2327 259 2383 et
282 2323 433 2383 admirans
456 2326 578 2401 pontem
600 2324 767 2401 fluctusque
789 2328 909 2385 ruentes

116 2411 327 2488 Tunitamque
350 2431 448 2473 arcem
471 2432 681 2490 summumque
704 2414 742 2472 ed
765 2413 863 2473 sidera
886 2414 1016 2473 culmen:

117 2498 300 2577 dompnus,
322 2504 430 2577 inquit,
454 2504 573 2561 tantum
595 2503 669 2561 haec
692 2502 849 2579 aequanda
870 2504 997 2563 vetustis

62 2612 101 2652 ars
115 2588 242 2649 Moenia.
290 2590 322 2649 Si
344 2591 481 2650 Priamus
503 2594 590 2651 tento
612 2593 676 2651 iam
698 2592 804 2652 robore
826 2592 948 2651 Troiam

115 2677 270 2752 Munissat,
292 2680 384 2740 nullis
406 2681 570 2740 violassent
591 2680 705 2741 viribus
728 2680 801 2739 olim

114 2767 341 2844 Vertissentque
364 2770 426 2828 solo
449 2769 600 2828 fumantia
622 2769 770 2847 Pergama
793 2768 873 2828 (irai.

115 2855 192 2914 Tum
215 2858 340 2917 festinat
361 2859 433 2917 iter:
455 2859 566 2918 multos
589 2860 718 2918 celerare
741 2877 865 2937 gerones
945 2859 947 2862 ’

114 2943 264 3021 Prospicit
287 2949 317 3005 et
339 2946 476 3006 manibus
499 2948 634 3026 ingentia
656 2947 777 3007 volvere
799 2966 871 3006 saxa

62 3056 101 3097 rso
116 3033 268 3095 Semiferis
293 3036 405 3097 similes
429 3036 543 3111 satiris3
566 3054 636 3112 pars
660 3036 789 3114 agminis
811 3037 884 3096 illuc

117 3121 281 3183 convectat
304 3124 402 3185 silices
426 3126 489 3184 alta
512 3124 548 3185 de
570 3145 645 3202 rupe
669 3124 786 3201 recisas,

114 3210 188 3270 Pars
211 3213 284 3272 terit
306 3214 455 3289 advectas,
478 3217 562 3290 operi
583 3233 653 3291 pers
676 3215 783 3274 miscet
805 3232 924 3289 arenas3

115 3299 301 3360 Beltremum
324 3305 394 3362 ante
418 3303 501 3378 alios,
525 3304 576 3379 qui
600 3303 731 3363 calcibus
754 3304 808 3361 ilia
830 3303 919 3363 nudis

116 3389 229 3448 Tundit
253 3392 321 3466 equi
344 3392 465 3466 frustra,
489 3392 627 3452 manibus
652 3412 741 3468 quem
763 3395 849 3452 nixus
873 3395 903 3452 et
926 3412 1009 3452 armo

62 3498 101 3540 sss
114 3479 174 3536 Vix
196 3480 318 3537 tractim
339 3481 478 3557 impellit,
501 3483 637 3557 nutuque
660 3483 691 3541 et
713 3500 785 3542 voce
807 3483 928 3542 lacessit

116 3564 284 3626 Saxiferum
307 3569 416 3647 vulgus
440 3588 602 3647 segnesque
625 3572 657 3629 in
681 3570 761 3630 calce
784 3572 916 3631 clientes.
