2659 3909
189 280 192 289 .
237 221 385 323 *r
417 195 440 241 ⁵⁷
459 173 790 403 'yrmslvrcm
1112 238 1156 302 35

573 524 575 529 .
620 470 677 537 ΠΙ.

207 606 308 665 Venus
323 622 414 663 aurea
427 605 534 663 natum
549 603 738 663 aberrantem
753 603 891 680 deplorat
906 604 1053 679 efflictim,
1067 623 1156 681 quem

140 696 295 753 temesae
324 694 441 753 caelum
468 693 621 769 speculata
647 710 797 768 nusquam
829 696 980 769 comperit.
1026 692 1156 769 Inquisi-

140 786 220 842 tores
244 801 345 842 omncs
369 800 432 841 ease
454 783 533 855 vuli3
556 783 603 841 his
625 784 759 859 proemia
778 781 851 841 salis
875 782 966 860 digna
987 782 1156 858 pollicetur,

139 873 322 931 monstranti
343 872 491 932 basiolum
514 870 649 947 spondet,
666 871 821 930 reducenti
838 873 944 930 natum
962 889 993 930 se
1011 871 1064 929 dat
1082 890 1155 946 quo·

139 961 225 1020 lubet
255 959 344 1019 modo
376 959 475 1035 poliri.
522 959 659 1038 Elegiam
690 960 769 1019 hanc
800 960 838 1019 ab
866 979 896 1020 se
929 959 1041 1018 editam
1071 959 1156 1018 iubet

141 1067 204 1109 esee
226 1068 281 1125 pro
304 1048 484 1109 vadimonio.
531 1048 637 1108 Tantis
660 1050 756 1127 igitur
782 1051 923 1125 praemiis
955 1068 1022 1107 cum
1050 1049 1155 1107 adhor-

139 1140 222 1198 tetur
243 1144 494 1213 unumquemque,
522 1139 581 1197 erit
604 1155 711 1213 operae
740 1139 871 1214 pretium
899 1138 1049 1213 inquirere
1078 1137 1155 1196 ludi·

140 1226 257 1287 bundus
287 1227 339 1286 ille
370 1245 429 1302 quo
463 1227 566 1285 latent.
593 1227 669 1301 ‘Tu,
702 1226 754 1303 qui
785 1227 910 1286 Veneris
942 1225 1088 1286 desiderio
1120 1245 1156 1285 ac

140 1315 272 1375 lacrimis
294 1315 440 1395 indulges,
459 1308 618 1393 diligenter
637 1318 663 1375 si
682 1317 842 1391 quaeritas,
861 1316 969 1393 dignus
992 1318 1050 1375 eris
1069 1318 1155 1375 tanto

139 1424 270 1464 munere.

517 1606 635 1661 Venus
662 1620 777 1661 aureo.

139 1725 223 1784 Flete
246 1744 327 1785 meos
351 1717 391 1806 (si
415 1744 475 1801 quc
497 1729 543 1785 est
564 1727 666 1784 meriti
688 1724 762 1784 milri
784 1718 898 1807 gralia)
922 1743 1017 1799 casus,

185 1812 264 1883 Quos
288 1816 412 1873 Veneris
434 1816 565 1891 tangunt
587 1814 753 1873 cordolium
775 1817 806 1873 el
827 1815 980 1873 lacrimae!

139 1904 199 1963 Hei
220 1904 304 1979 mihi,
328 1902 447 1980 quando
470 1923 570 1961 meum
591 1906 691 1963 tolum
713 1905 868 1979 speculata
889 1923 943 1979 per
965 1903 1065 1962 orbem

185 1992 370 2052 Perdiderim
393 1994 499 2051 natum
522 1992 763 2068 perdiderimque
786 1992 929 2051 animam!

113 2080 205 2150 aQuo
229 2083 307 2141 cerer
328 2084 398 2159 igno
421 2081 533 2155 Venus,
556 2082 645 2141 cessit
667 2100 734 2140 mea
757 2100 829 2140 cura
853 2081 968 2158 Cupido

184 2170 226 2229 Et
249 2189 348 2230 secum
371 2172 450 2230 viros
473 2169 654 2246 deliciasque
677 2171 758 2229 tulit.

139 2260 219 2318 Nate
243 2260 332 2318 simul
354 2263 455 2319 tecum
477 2261 551 2318 totis
574 2259 706 2319 resoluto
728 2259 867 2319 medullis

185 2346 302 2407 Gaudia
326 2350 441 2424 quanio
463 2348 540 2425 dedi,
563 2348 674 2426 gaudia
697 2351 811 2424 quanio
832 2348 903 2408 ruli!

140 2437 301 2496 Molliculis
325 2437 463 2513 quotiens
485 2436 632 2496 Venerem
655 2438 775 2498 condire
798 2437 913 2497 solebas

100 2547 126 2586 ro
186 2524 322 2600 Saviolis,
346 2526 466 2601 quando
491 2526 591 2585 dulcia
613 2527 698 2585 furia
721 2526 844 2586 dabaml

140 2614 228 2689 Naie,
250 2634 334 2675 meae
356 2616 434 2675 vires
458 2618 489 2674 el·
512 2615 653 2675 deliciosa
675 2616 825 2692 voluptas,

186 2703 228 2763 Te
250 2704 318 2763 sine
336 2702 464 2778 deficior,
486 2707 517 2762 te
540 2703 603 2763 sinc
626 2704 692 2763 luce
715 2705 802 2764 oculi.

140 2792 208 2851 Heu
232 2810 320 2868 quam
345 2811 430 2851 carus
454 2810 520 2851 eras
543 2796 644 2853 suctus
668 2792 817 2853 colludere
839 2795 978 2853 mammis

185 2882 227 2939 Et
248 2880 322 2939 mihi
345 2881 457 2941 lascivo
480 2881 612 2940 lambere
635 2881 723 2940 dente
746 2900 850 2959 genas,

101 2992 126 3031 15
143 2969 263 3040 Quanto
286 2971 366 3029 leves
388 2972 468 3028 inter
490 2969 577 3028 fletus
601 2973 631 3028 et
654 2969 765 3048 gaudia
787 2971 887 3049 car‘psi

184 3060 285 3134 Basia,
309 3077 376 3118 cnm
399 3058 512 3137 gemitu
534 3077 688 3117 murmura
710 3060 785 3117 trita
808 3060 913 3119 dabas!

140 3149 211 3225 Ipsa
233 3152 302 3209 'onos
324 3148 452 3207 tremulo
476 3147 595 3207 solabar
618 3148 750 3207 carmine
771 3149 869 3208 luctus
892 3181 937 3188 —

184 3237 252 3297 Heu
275 3238 399 3296 Veneris
424 3255 510 3295 nemo
534 3236 672 3296 condolet
695 3235 735 3295 ud
756 3237 904 3297 lacrimas.

142 3325 238 3396 Quam
260 3325 349 3386 facile
371 3328 504 3402 irrepens
530 3343 597 3384 cum
620 3328 756 3402 posceret
778 3328 841 3385 oiia
864 3344 993 3402 somnus,

101 3436 127 3475 ao
187 3414 369 3493 Spargebam
392 3419 510 3476 teneras
533 3417 600 3492 ipsa
623 3434 678 3491 per
700 3434 753 3474 ora
774 3417 874 3475 rosas!

140 3503 235 3563 Dulce
257 3523 355 3562 meum
379 3500 554 3564 solaciolum
576 3506 717 3580 vitaeque
739 3506 888 3582 voluptas,

186 3592 251 3662 Quo
274 3593 378 3653 latitas
401 3595 519 3653 animae
542 3594 633 3673 longa
657 3594 801 3655 alimenta
823 3592 927 3654 meae?

908 3693 942 3747 31
