2659 3909
286 194 336 247 on
355 191 629 248 oosrvarrvous
647 154 831 248 roscium
848 192 1030 248 DIALOGVS
1117 181 1158 257 'ev

143 343 226 403 illius
258 348 355 404 terrae
383 348 413 403 et
445 345 581 405 subditus
610 346 669 418 est,
700 343 831 403 residens
854 363 924 403 vcro
948 345 979 402 in
1001 347 1082 403 terra
1104 363 1161 403 sua

144 436 205 493 suis
228 436 259 492 et
289 434 357 493 aliis
388 434 464 493 inibi
495 433 702 494 habitantibus
732 434 863 509 imperat
885 437 916 492 et
947 433 1083 493 dominus
1107 437 1160 493 est.

144 523 185 582 Et
206 524 234 581 si
255 541 335 600 papa
357 523 480 582 Italiam
507 523 665 597 relinquet,
689 525 720 581 et
741 523 806 598 ipse
829 524 958 581 ateiris
986 522 1047 581 suis
1070 523 1159 581 relin-

143 615 259 687 quetur.
306 611 377 682 Quis
400 614 520 671 timeret
539 615 570 671 et
591 615 776 671 revereretur
798 629 908 687 papam
932 612 1049 671 amissis
1071 614 1159 670 terris

118 702 293 776 eecclesiae,
330 704 356 761 si
387 720 466 759 nunc
503 704 607 761 contra
638 702 738 777 ipsum
772 703 868 760 terras
905 700 1063 760 habentem
1095 702 1160 759 tam

142 792 234 866 impie
262 788 463 866 presumitur?
500 791 600 849 Terris
628 790 768 849 eeclesiae
796 790 913 849 amissis
941 791 1069 849 oriretur
1091 807 1159 849 con-

142 882 274 955 temptus
306 880 493 955 clericorum,
527 879 632 938 deinde
664 879 776 939 heresis
807 878 959 954 ydolatria
990 880 1158 955 persecutio

143 968 374 1028 christianorum
396 969 533 1027 martiris
556 987 739 1027 summorum
761 967 945 1045 pontificum,
968 968 1048 1027 sicut
1071 971 1160 1026 antea

142 1059 174 1115 in
206 1076 336 1133 paupere
369 1058 492 1117 ecclesia
523 1057 588 1116 fieri
619 1057 742 1117 solebat.
789 1056 986 1127 Quamobrem
1018 1075 1098 1133 papa
1130 1059 1160 1115 et

104 1168 130 1206 ro
143 1147 257 1206 Romae
290 1148 369 1207 stare
406 1150 437 1205 et
467 1149 563 1206 terras
600 1146 741 1207 ecclesiae
773 1148 852 1204 tueri
883 1146 971 1205 debet
1002 1164 1037 1204 ac
1068 1147 1160 1204 etiarn

144 1254 229 1294 suam
251 1235 399 1294 dicionem
418 1254 534 1313 augere.
580 1235 616 1293 In
635 1235 691 1295 hoc
713 1236 794 1295 enim
811 1235 923 1294 mundo
942 1235 1007 1293 sola
1024 1236 1160 1311 potentia

142 1325 267 1383 timetur
290 1327 321 1382 et
342 1328 509 1403 veneratur.

210 1413 242 1472 F.
279 1413 370 1472 Multi
391 1416 492 1472 tamen
525 1413 636 1489 dicunt,
669 1413 750 1489 quod
780 1432 861 1489 papa
887 1412 919 1470 in
952 1410 1160 1489 spiritualibus

144 1503 264 1561 tantum
287 1503 423 1562 dominus
447 1503 493 1561 sit.

104 1612 129 1652 re
211 1591 245 1649 Β.
282 1591 330 1649 Ad
352 1591 517 1667 hospitium
539 1593 583 1649 ire
606 1592 684 1665 volo,
706 1591 801 1651 fessus
829 1610 907 1665 sum3
935 1591 1086 1649 eumalio
1109 1589 1158 1649 die

145 1682 378 1755 convenerimus,
400 1680 458 1740 tibi
483 1700 571 1759 super
593 1680 650 1739 hoc
672 1680 865 1756 respondebo.
910 1680 995 1738 Vale.

211 1948 243 2007 F.
281 1949 357 2007 Ecce
381 1948 485 2007 doctor
507 1948 603 2008 meust

211 2037 245 2096 B.
282 2037 367 2112 Fabi,
390 2040 451 2095 iam
470 2040 583 2113 septem
603 2036 706 2095 diebus
724 2055 785 2095 non
802 2036 867 2096 vidi
884 2039 924 2112 te,
947 2035 1020 2112 quid
1039 2033 1161 2113 agitur?

143 2125 231 2185 Nunc
253 2126 402 2186 transiens
425 2145 479 2201 per
495 2126 648 2184 Minervae
671 2129 772 2202 partes
794 2125 858 2184 vidi
881 2125 1002 2184 domum
1016 2123 1162 2201 Stephani

104 2236 130 2275 eo
144 2214 279 2274 Poroarii
302 2216 423 2276 destrui.

210 2303 243 2362 F.
281 2304 322 2362 Et
344 2306 436 2363 etiam
458 2304 551 2362 vicini
573 2304 633 2361 mei
655 2302 739 2362 Petri
762 2304 798 2362 de
820 2304 922 2362 Monte
950 2304 1078 2362 rotundo
1101 2322 1161 2361 me-

145 2391 204 2451 dici
227 2391 332 2452 domus
356 2392 528 2451 destruatur.

211 2480 246 2539 B.
283 2482 325 2539 Et
346 2482 410 2557 ipse
434 2484 516 2540 estne
539 2481 575 2540 de
598 2479 682 2540 illis?

212 2570 244 2628 F.
282 2570 346 2645 nse,
370 2572 400 2629 et
423 2569 512 2628 audio
537 2569 618 2645 quod
638 2570 697 2629 hiis
720 2571 863 2646 proximis
887 2570 991 2629 diebus
1013 2588 1048 2627 ex
1071 2572 1163 2628 inter-

105 2678 131 2719 aa
146 2661 277 2719 cessione
305 2660 437 2735 episcopi
464 2659 636 2719 Portucnsis
664 2660 902 2719 vicecancellarii
928 2678 1009 2735 papa
1036 2679 1103 2716 eum
1131 2658 1162 2716 in

145 2766 231 2807 suum
249 2748 396 2808 medicum
415 2751 624 2823 acceptaverat
637 2750 668 2806 et
682 2750 711 2805 ei
729 2750 848 2807 centum
867 2767 971 2808 aureos
990 2747 1162 2807 donaverat.

211 2837 245 2897 B.
282 2836 340 2911 Ηο,
363 2840 541 2896 venenasset
562 2855 674 2913 papam
696 2838 728 2897 in
750 2837 920 2897 medicinis!
951 2837 1069 2915 Ingrati
1090 2838 1162 2896 viril

217 3067 231 3115 1
251 3062 326 3115 terre
343 3060 422 3113 illius
441 3062 479 3114 K.
494 3062 533 3129 113
552 3060 728 3129 relinquetur
746 3062 775 3114 et
793 3060 855 3129 ipsc
873 3076 891 3112 a
909 3060 991 3115 terris
1013 3059 1084 3126 suis,
1108 3076 1163 3128 qua

145 3132 202 3187 cito
221 3132 349 3186 dominos
368 3132 526 3185 invenirent
544 3132 582 3185 K.
610 3134 620 3201 11
647 3133 781 3185 tmntra
805 3147 910 3200 papam
929 3132 967 3186 K.
994 3133 1004 3201 11
1032 3131 1163 3186 tacive

145 3204 317 3272 presumitur
335 3205 372 3258 K.
388 3206 427 3273 17
446 3203 552 3257 heresis
571 3205 601 3257 et
619 3204 656 3257 K.
672 3205 711 3272 19
729 3202 882 3271 Propterea
900 3217 976 3271 papa
994 3217 1051 3255 non
1071 3202 1163 3256 solum

144 3272 233 3328 Rome
248 3276 284 3329 K.
300 3277 309 3344 11
324 3280 357 3329 10
377 3275 426 3329 sed
445 3290 525 3328 suam
545 3274 685 3329 dicionem
700 3276 734 3330 K
749 3274 901 3328 dictionem
919 3275 948 3328 V.
964 3276 974 3343 11
995 3280 1028 3327 12
1047 3290 1163 3342 sequan-

145 3352 192 3399 tur
210 3347 241 3400 in
260 3347 301 3400 K:
330 3346 403 3400 istoc
422 3346 497 3401 enim
519 3345 676 3414 prudencia
703 3344 855 3400 cuiuslibet
880 3361 955 3414 pape
983 3344 1163 3399 considerans
1270 3370 1273 3374 ·

148 3416 219 3469 alibi
238 3432 323 3483 quam
341 3417 371 3470 in
389 3417 472 3471 terris
491 3417 548 3471 suis
567 3417 663 3484 Italic,
682 3417 770 3472 Rome
788 3417 863 3470 enim
881 3416 1028 3485 precipue,
1047 3415 1164 3471 minima

144 3487 289 3541 resideret.
310 3490 319 3557 11
342 3494 374 3541 14
394 3488 543 3542 dumtaxat
561 3488 690 3543 dominus
710 3488 748 3543 sit
767 3488 803 3542 K.
827 3490 837 3558 11
860 3493 893 3541 26
913 3503 990 3557 papa
1008 3489 1078 3541 decet
1097 3488 1129 3541 K

145 3561 207 3612 tum
227 3558 264 3612 K.
279 3560 288 3627 11
302 3564 335 3612 27
356 3561 469 3612 centum
488 3559 606 3613 ducatos
625 3562 663 3615 K.

912 3648 947 3701 ὃ*
