2659 3909
189 171 233 234 10
679 170 705 223 II

188 320 338 381 Caeruleis
361 322 514 398 stringunt
536 324 648 381 circum
670 322 735 381 fera
757 325 880 398 pectora
902 320 997 394 nodis,

187 410 314 470 Orbibus
337 409 491 486 implicitis
515 412 721 488 glomerantur
742 413 775 469 in
797 430 850 470 ora
873 413 1014 470 cerastae.

185 500 255 560 Non
277 502 320 559 sic
342 500 500 559 rumiferae
524 502 635 559 clrcum
658 519 714 561 sua
735 500 844 561 robora
865 501 942 559 vites

185 589 249 648 Aut
270 588 397 648 hederae
419 588 577 665 inserpunt
599 589 730 649 nodosae
752 589 875 649 brachia
897 607 1031 664 quercus.

131 700 172 740 reo
187 677 236 737 Sic
259 679 338 737 iacet
360 681 514 737 aeternum
537 679 650 754 rapidis
674 678 806 738 ludibria
828 677 935 738 ventis.

185 767 283 827 Natus
307 765 347 825 ad
368 767 442 826 haec
463 766 598 843 trepidus
622 768 770 827 convertit
792 767 908 826 lumina
930 768 1020 841 solus,

185 855 311 916 Pectora
333 874 411 915 nnnc
434 873 589 933 quassans,
610 874 690 915 nunc
712 856 821 916 crudus
842 858 875 914 in
898 874 951 915 ora
973 856 1110 932 superbit

185 944 351 1024 Unguibus,
374 946 406 1003 in
429 963 551 1021 superos
573 964 660 1005 voces
683 964 762 1005 nunc
784 947 905 1022 asperat
925 946 981 1019 ira,

185 1033 326 1094 Liventes
349 1035 449 1094 oculos
472 1033 594 1093 tandem
617 1054 723 1094 manus
745 1037 841 1110 Impia
860 1028 964 1093 mnis.

132 1144 171 1185 ms
185 1124 314 1183 Proiecit
336 1124 442 1182 lucem'
455 1122 488 1181 in
510 1122 644 1198 fluvium,
666 1143 736 1184 mox
758 1124 824 1183 dim
846 1122 996 1199 profatur:

185 1212 238 1272 Dii
262 1211 369 1289 quibus
392 1213 479 1271 iratIs
503 1213 551 1290 egi
573 1214 654 1271 mala
676 1216 813 1289 tempora
834 1214 926 1287 vitae,

186 1302 322 1361 Tartarei
344 1319 447 1361 manes
471 1303 501 1360 et
523 1304 558 1359 tu
580 1299 695 1360 Lucina
717 1303 838 1378 parenti

186 1390 269 1460 Quae
291 1391 415 1450 miseros
438 1392 544 1466 pertus
567 1391 781 1466 intempestiva
804 1390 923 1463 dedisti,

185 1480 364 1540 Eumenides
387 1481 543 1555 omnisque
566 1480 675 1539 chorus
697 1480 837 1556 lataeque
860 1479 999 1538 tenebrae

132 1590 172 1630 reo
185 1568 374 1628 Infemomm
397 1586 530 1643 opernm,
553 1570 635 1627 caeci
656 1571 840 1628 miserescite
861 1569 940 1628 nati!

186 1656 211 1716 0
234 1657 326 1732 furor,
349 1678 367 1718 o
389 1657 497 1731 rabies,
519 1659 600 1733 rapti
622 1658 704 1717 mala
726 1659 792 1717 fata
813 1658 962 1734 parentis!

184 1747 246 1806 Vos
269 1746 376 1807 saltem
399 1745 542 1821 obtestor,
565 1746 657 1805 simili
679 1767 727 1806 me
750 1747 878 1826 affligite
900 1764 981 1818 casu,

186 1834 328 1895 Crudeles
351 1835 427 1893 divi!
450 1836 558 1895 misero
581 1856 635 1911 per
658 1837 779 1914 singula
800 1837 897 1895 letum
916 1858 921 1868 ยน

185 1924 366 2000 impendunt
388 1925 465 1983 mihi
486 1925 551 1983 fata
573 1926 700 1984 malum:
723 1925 771 1986 vel
795 1924 939 1985 Cerberus
962 1940 1030 1982 ossa

132 2035 171 2075 195
187 2012 329 2073 Conterat
352 2016 383 2072 et
405 2013 465 2072 diri
487 2014 602 2073 lanient
624 2033 691 2072 mea
713 2014 848 2074 membra
871 2013 992 2074 colubri.

185 2102 254 2161 Heu
276 2102 370 2177 dolor,
393 2106 463 2162 ante
487 2121 580 2163 annos
602 2103 762 2162 inhonesta
784 2106 880 2163 morte
902 2102 1006 2180 peregi

184 2190 274 2252 Lucis
296 2194 368 2251 itere
391 2191 495 2270 iugulo
518 2193 600 2268 patn'
623 2210 721 2252 comes
743 2194 808 2268 ipse
829 2192 966 2268 pependi.

187 2280 247 2340 Cur
268 2283 354 2343 vetor
377 2280 482 2340 infelix
503 2282 605 2359 nigras
629 2300 727 2341 eomes
749 2284 793 2340 Ire
815 2301 870 2357 per
891 2278 1034 2340 umbras?

185 2370 349 2446 Intercepit
373 2371 453 2428 enim
476 2388 593 2448 gressus
616 2390 671 2447 per
693 2370 818 2432 flumiua
840 2388 935 2429 cesus.

131 2481 171 2521 soc
187 2457 236 2518 Sic
260 2460 341 2518 ferus
364 2458 503 2519 obscuras
526 2459 598 2518 diris
622 2453 790 2518 ululatibus
813 2477 903 2519 auras

185 2547 326 2625 Perculit,
347 2549 446 2607 invisa
469 2546 561 2606 donee
584 2548 736 2607 deseendit
758 2548 795 2607 ab
819 2546 907 2608 unda.

185 2637 277 2697 Illum
298 2637 370 2696 flere
392 2638 477 2695 vetat
498 2636 584 2695 miles
606 2636 746 2697 tumbatns
769 2642 801 2697 et
822 2639 887 2714 ipse

184 2726 300 2804 Ingerit
321 2728 354 2785 in
377 2742 508 2801 superos.
553 2725 647 2785 Novit
669 2726 750 2785 mala
773 2728 838 2786 fata
861 2726 971 2803 diuque

184 2816 298 2875 Haeret
320 2814 419 2874 ethis
442 2815 564 2892 grauium
586 2817 691 2889 poenis
714 2816 856 2875 meruisse
879 2816 999 2874 fatetm.

132 2924 171 2964 sos
185 2904 323 2980 Expositi
346 2904 385 2963 ad
407 2903 506 2980 m'pam
527 2902 655 2962 tendunt
677 2924 731 2981 per
753 2923 855 2981 opaca.
901 2904 1048 2979 Nepotem

185 2993 279 3052 Fallit
301 2994 360 3051 iter
382 3011 517 3052 caecum:
539 2992 713 3067 imprudens
735 3012 789 3069 per
811 2993 898 3053 devia
922 2992 1006 3051 cellis

184 3081 303 3157 Incidit,
326 3082 507 3143 horrendum
529 3081 644 3141 latrans
667 3082 719 3141 ubi
743 3080 886 3141 Cerberus
909 3080 1030 3140 umbras

186 3171 329 3232 Deserat.
374 3170 432 3231 Hic
454 3173 593 3231 iuvenem
615 3172 734 3247 quassis
757 3191 810 3248 per
832 3171 910 3231 colla
932 3169 1063 3229 colubris

185 3262 222 3321 In
244 3260 323 3321 nodo
347 3263 502 3337 arreptum
523 3258 653 3335 pedibus
673 3261 762 3320 simul
785 3260 922 3335 implicat
943 3258 1036 3318 uncis.

132 3370 172 3411 no
187 3347 255 3410 Stat
277 3350 549 3427 superincumbens,
571 3348 686 3410 laceros
708 3352 836 3408 rimatm
856 3350 890 3407 in
913 3351 997 3407 artus

185 3439 310 3499 Viscera
334 3442 364 3499 et
385 3442 542 3500 haerentes
566 3438 679 3499 cneum
701 3437 876 3514 praecordia
897 3437 996 3514 fibras,

185 3528 353 3589 Luxurians
376 3549 455 3589 nune
478 3532 545 3604 huc,
568 3548 646 3589 nunc
669 3548 723 3589 ora
744 3530 898 3604 retorquet
921 3531 951 3586 et
972 3528 1054 3603 illuc,
