2659 3909
444 226 575 281 1L1AD1s
594 226 703 280 LIBER
721 225 856 281 PRIMVS

576 472 577 475 ’
630 472 674 543 'V.

453 614 573 669 Iliadis
595 614 685 669 liber
706 615 848 683 primus.

144 753 223 812 Iram
247 752 326 813 Diva
347 754 426 812 refer
448 753 514 811 nati
536 752 640 812 Peleos
663 751 776 812 Achilli
896 827 897 830 Ἴ

143 842 320 902 Pestiferam
342 841 466 916 Danais,
488 844 589 901 tantos
614 841 721 917 quibus
745 842 834 901 anxia
856 841 954 905 luctus

143 931 261 991 Aotulit
283 932 465 1006 heroumque
488 931 603 990 anImas
626 933 674 989 tot
696 932 813 990 miserit
835 930 924 989 oroho

143 1020 291 1099 Ingentes,
314 1019 436 1079 canibus
460 1019 602 1101 lanianda
625 1019 771 1080 cadavera
792 1020 906 1095 passim

115 1109 336 1184 sAlitib'usque
359 1108 449 1167 dedit.
497 1107 611 1167 Statuit
634 1110 676 1168 sle
699 1109 823 1185 Iupiter,
846 1128 881 1167 er
904 1128 964 1185 quo

142 1198 209 1257 Iam
231 1197 349 1273 pridem
371 1197 493 1257 Atrides
516 1216 694 1275 magnorum
717 1197 822 1257 ductor
843 1197 994 1257 Achivum

144 1287 286 1345 Turbatis
310 1288 423 1349 certare
447 1287 555 1345 animis
579 1289 609 1344 et
632 1287 720 1347 divus
743 1286 884 1366 Achilles.

188 1368 260 1444 Quis
283 1392 424 1451 superum
445 1374 540 1435 furias
563 1375 719 1434 amborum
741 1375 890 1434 mentibus
914 1373 1019 1434 auxit?

143 1463 260 1523 Latona
282 1465 415 1523 infensus
438 1465 503 1541 regi
526 1467 556 1523 et
577 1465 648 1525 Iove
672 1467 761 1523 natus
784 1464 921 1540 Apollo.¹

102 1574 129 1615 ro
143 1552 201 1613 Hie
223 1556 270 1613 ira
292 1555 429 1613 incensus
452 1554 627 1612 miserorum
651 1572 776 1629 corpora
798 1556 900 1612 traotu

144 1642 275 1701 Tabifioo
299 1643 373 1701 ooeli
395 1641 559 1719 morboque
581 1642 687 1702 infeoit
708 1642 864 1702 Achivum.
1007 1718 1009 1722 .

141 1731 232 1790 Haud
253 1733 367 1791 veritus
390 1750 508 1806 nanque
531 1731 679 1809 insignem
702 1734 911 1806 contempnere
935 1729 1039 1791 Grisen
1152 1784 1155 1789 .

141 1820 262 1879 Atrides
286 1823 395 1893 vatem,
417 1820 529 1879 dudum
553 1822 606 1895 qui
628 1839 663 1879 ex
687 1839 754 1880 aree
776 1822 927 1895 profectus

141 1910 289 1988 Argivum
312 1909 350 1968 ad
374 1910 498 1969 olassem
521 1909 670 1991 fulgentis⁴
688 1909 791 1969 laurea
810 1909 908 1990 ¹Phsbi

102 2019 127 2060 rs
143 1998 231 2058 Serta
253 2016 357 2077 gerens
381 2001 589 2079 sceptrumque
611 2018 703 2057 manu
725 1998 921 2074 mirandaque
943 1998 1008 2076 regi

141 2088 267 2147 Munera
289 2090 460 2163 prereptam
482 2087 567 2146 reddi
590 2087 648 2145 sibi
670 2088 768 2163 poscit
790 2088 972 2163 alumpnum.

143 2176 333 2252 Supplioibus
356 2177 487 2236 laorimis
512 2194 612 2235 omnes
636 2180 706 2235 ante
730 2195 783 2235 ora
805 2178 945 2256 precatur
1012 2250 1014 2255 .

142 2264 473 2347 Duotoresquelambos
495 2265 601 2343 populi
624 2265 731 2324 deeora
753 2266 815 2324 alta
838 2266 1010 2343 Pelasgum:

186 2354 311 2413 Atridae
334 2372 446 2430 vosque
470 2374 486 2413 o
510 2354 610 2413 Danai
633 2355 817 2431 fulgentibus
841 2354 932 2412 armis

100 2462 128 2503 ao
141 2442 286 2518 Illustres,
309 2443 385 2502 coeli
406 2443 490 2503 robis
515 2444 567 2518 qui
590 2442 721 2502 eulmina
744 2446 865 2503 servant

143 2532 175 2591 Si
197 2532 306 2607 predae
329 2533 490 2607 Imperium
512 2532 626 2591 Priami
648 2532 821 2608 reditusque
845 2532 987 2592 secundos
1082 2584 1086 2590 .

141 2620 177 2679 In
201 2623 331 2697 patriam
353 2623 495 2696 prestent,
519 2640 620 2680 earam
642 2622 719 2681 mihi
740 2620 855 2681 reddite
878 2622 995 2680 natam!

141 2710 277 2785 Aeoipite
299 2709 386 2770 haee:
409 2712 510 2769 meriti
532 2712 664 2785 pretium
688 2712 749 2770 sint
770 2729 894 2769 munera
916 2712 1004 2769 tanti.

141 2799 301 2877 Fulgorem
323 2798 414 2857 lioeat
436 2798 548 2857 Phoebi
571 2819 739 2875 numenque
762 2802 868 2873 vereri,
1122 2790 1124 2793 Α

100 2908 127 2947 as
142 2888 236 2958 Quem
257 2887 339 2948 Iovis
362 2892 396 2946 ut
418 2890 545 2964 gnatum
568 2890 672 2949 aunon·
691 2889 807 2949 ooluere
830 2887 963 2967 Pelasgi!

185 2977 345 3036 Assensere
369 2994 471 3036 omnes
493 2979 572 3036 rotis
596 2980 626 3036 et
648 2996 772 3037 munera
795 2979 884 3056 fungi

17 3122 21 3129 .
140 3066 281 3145 Auguris.
326 3064 384 3124 Hie
406 3058 538 3125 tumidus
562 3067 674 3125 furiata
685 3071 795 3125 „mente
817 3060 932 3125 ferebat

142 3154 306 3214 Consilium
328 3154 449 3215 Atrides
472 3156 624 3231 animique
647 3157 901 3232 exaggeratiras,

140 3243 326 3320 Inerepitans
350 3244 423 3303 diris
447 3245 511 3303 vati
534 3244 718 3303 sermonibus
741 3244 821 3303 infit:

100 3352 127 3392 so
143 3330 175 3390 Si
197 3335 228 3391 te
251 3333 297 3392 his
321 3334 461 3410 attigerit
484 3332 611 3393 candens
633 3333 753 3392 Aurora
774 3337 941 3393 morantem

140 3452 354 3462 ——--

213 3516 279 3573 (lod.
298 3518 427 3574 Vatican.
446 3518 496 3573 lat.
516 3524 586 3574 3908
611 3519 659 3574 fol.
677 3526 747 3574 1⁷3².
783 3520 898 3574 Homeri
925 3522 1026 3589 poetae
1049 3520 1100 3574 ela.
1121 3539 1155 3574 ex

139 3590 272 3661 greeoin
290 3590 382 3645 latinu
400 3590 473 3646 versi
491 3607 542 3661 per
560 3592 682 3645 oratium
695 3591 768 3646 liber
781 3592 889 3661 primns
907 3591 1010 3659 insipit
1028 3590 1116 3660 yliad.
