2659 3909
534 196 718 253 POROARIA

116 350 301 427 Simplicitas
323 350 479 409 hominum
502 370 562 426 qua
585 352 617 409 ri
639 349 834 425 superevolat
852 350 949 411 astris.

117 439 220 499 Gloria
242 441 312 515 post
334 439 439 518 longos
463 443 492 499 et
515 440 596 498 fama
619 442 742 499 aeterna
763 438 879 498 labores

115 528 289 605 Insequitur
310 528 473 606 biiugoque
496 547 586 605 super
608 527 768 587 concordia
791 546 879 586 curru

60 638 101 678 110
116 618 237 677 Eminet
260 621 291 677 et
313 637 412 677 rerum
435 619 541 678 seriem
563 616 643 695 regit
665 617 776 676 Athica
799 616 908 677 Pallas.

116 706 250 767 Plurima
273 726 326 783 per
348 726 449 767 muros
471 706 633 767 hincinde
655 706 781 783 effulget
802 706 911 784 imago.

116 796 199 855 Haec
222 799 291 872 post
313 796 403 875 longa
426 797 509 871 quies
532 795 665 855 residens
688 814 792 855 secura
814 795 869 854 sub
892 796 956 854 alta

117 884 187 945 Otia
209 903 282 961 pace
305 887 378 945 terit
399 887 574 961 meritisque
596 884 734 960 rependit
755 885 890 944 honores.

116 974 196 1033 Hinc
219 973 319 1033 studia
341 974 478 1051 ingenuis
502 976 645 1049 antiquae
667 973 767 1032 laudis
790 977 820 1032 et
843 977 922 1033 artes

61 1084 103 1124 100
117 1063 228 1122 Athiea
250 1063 436 1123 demonstrat
459 1082 534 1139 quae
557 1065 598 1123 sii
619 1065 729 1121 natura
753 1062 896 1138 quibusve

119 1151 261 1213 Cursibus
284 1155 416 1211 errantes
439 1153 541 1211 stellas
564 1153 739 1228 represserit
760 1151 879 1225 Athlas,

118 1240 184 1310 Qua
206 1241 337 1317 trepidet
358 1241 459 1314 tellus,
483 1260 542 1317 qua
564 1241 595 1299 vi
617 1242 715 1299 maria
738 1241 801 1299 alta
823 1242 1002 1315 tumescant,

117 1329 203 1387 Unde
227 1330 344 1389 animae
367 1331 515 1406 inspirent
537 1330 672 1389 homines
694 1330 889 1404 volucresque
911 1330 1057 1405 ferasque,
1173 1387 1175 1390 ,

119 1418 202 1488 Quae
224 1418 307 1496 regio
330 1420 360 1477 in
384 1421 472 1479 terris
497 1418 596 1479 Cereri
618 1420 660 1478 sit
683 1437 817 1494 quaeque
840 1418 940 1493 Lyaeo

63 1527 103 1568 eos
119 1505 240 1566 Gratior
262 1510 316 1567 aut
338 1509 432 1568 saltus
455 1510 570 1568 maiora
594 1510 731 1568 armenta
752 1509 902 1567 coronent

161 1594 235 1656 Post
259 1597 342 1656 aulas
365 1617 491 1675 vergens
514 1598 663 1672 penetrali
684 1598 716 1655 in
740 1596 808 1656 sede
830 1599 968 1672 receptus

117 1683 241 1745 Lustrat
263 1685 422 1745 Aretinum
445 1704 548 1746 crocea
571 1686 626 1746 sub
650 1688 732 1746 veste
755 1685 927 1760 Iohannem,
1032 1695 1034 1698 ’

118 1773 176 1842 Qui
198 1777 264 1833 tum
286 1775 364 1834 forte
387 1775 488 1853 legens
511 1775 573 1835 leni
595 1775 649 1835 suh
673 1794 745 1834 voce
767 1774 885 1835 labores

119 1862 291 1941 Scipiadum
313 1865 430 1941 magnis
455 1865 569 1923 animos
592 1864 739 1940 pensabat
760 1864 797 1922 ab
822 1863 896 1922 actis

63 1972 104 2013 110
117 1953 327 2029 Romanosque
351 1953 439 2013 duces
462 1952 576 2013 meritis
599 1971 689 2029 super
712 1954 834 2013 aethera
856 1955 966 2012 rectos.

118 2040 174 2101 Ille
198 2045 298 2101 autem
321 2042 359 2101 ad
382 2061 489 2102 nomen
511 2042 619 2102 tacitas
643 2045 777 2101 erexerat
800 2058 885 2100 aures

120 2130 304 2207 Scipiadum
329 2131 400 2190 dum
422 2149 453 2191 se
477 2150 508 2190 se
531 2132 622 2191 armis
645 2131 830 2209 confringere
852 2129 969 2189 Poenos

118 2220 214 2278 Audit
236 2222 266 2278 et
288 2221 410 2281 hostiles
432 2220 492 2279 iam
517 2220 666 2279 debellare
690 2223 835 2295 catervas,

118 2308 154 2367 In
177 2309 307 2367 medium
331 2309 407 2369 tales
429 2312 599 2386 prorumpit
621 2308 659 2367 ad
683 2310 805 2368 aethera
827 2326 928 2368 voces:

65 2418 104 2458 ors
119 2397 173 2455 Ille
198 2416 252 2475 ego
277 2400 329 2474 qui
350 2399 460 2459 totiens
485 2398 574 2457 armis
597 2397 770 2457 victrn'cibus
793 2398 865 2456 olim

120 2485 210 2562 Spem
231 2488 348 2562 patriae
372 2490 441 2546 ante
465 2506 558 2547 annos
580 2486 687 2547 mediis
709 2489 742 2545 in
765 2485 905 2546 caedibus
928 2485 1035 2546 ardens

118 2575 216 2633 Paene
240 2577 310 2633 auri
333 2578 504 2651 extinctam,
527 2595 594 2635 oum
616 2594 723 2635 saevus
745 2576 896 2635 inhorruit
919 2575 1008 2633 armis

119 2662 272 2723 Hannibal
296 2667 326 2723 et
348 2666 457 2725 nostris
481 2665 629 2725 undarent
652 2664 802 2742 stragibus
825 2682 936 2724 amnes.

118 2753 201 2812 Inter
223 2755 270 2811 tot
293 2754 386 2814 furias
409 2753 554 2813 bellorum
577 2755 693 2830 primus
717 2754 756 2813 ad
779 2771 846 2812 oras

66 2864 106 2905 110
119 2842 250 2901 Produxi
272 2842 394 2903 hostiles
419 2861 508 2904 ausus
531 2845 718 2903 contemnere
741 2844 820 2901 vires

120 2931 278 2991 Fortunae.
323 2931 396 2991 Fuit
418 2933 534 3009 ingenti
556 2950 611 3008 pro
634 2931 755 2990 numine
777 2932 874 2990 virtus

118 3020 158 3079 111
180 3024 302 3097 patrum
325 3020 431 3080 studiis
454 3020 570 3080 animus
593 3021 668 3080 mihi
690 3021 787 3079 maior
810 3022 840 3079 et
863 3020 950 3079 ensis.

118 3109 247 3169 Edomui
269 3109 384 3185 Lybiae
406 3110 543 3186 populos,
565 3112 613 3170 101
634 3128 728 3189 regna
750 3112 797 3169 101
819 3108 905 3168 urbes

120 3197 182 3257 Sub
205 3200 276 3276 iuga
299 3199 451 3259 Romanae
473 3201 561 3276 posui
584 3198 710 3259 dicionIs
733 3201 764 3257 01
787 3197 889 3257 orbem

66 3307 106 3348 111
121 3282 285 3346 Occiduum
307 3288 410 3347 statui.
457 3287 537 3348 Oura
560 3290 605 3347 est
627 3288 702 3346 mihi
725 3287 839 3347 credita
860 3287 963 3347 fratris

120 3374 340 3452 Imperiumque
363 3377 454 3452 urbis,
478 3381 608 3437 strueret
630 3395 698 3436 cum
720 3376 801 3436 bella
822 3376 981 3453 Philippus

120 3464 319 3540 Antiochique
342 3467 433 3525 furor.
479 3467 600 3525 Totiens
624 3465 773 3525 domuisse
796 3465 919 3524 rebelles

191 3593 230 3633 aas
245 3590 402 3640 Anthlooiquo
