<?xml version="1.0" encoding="UTF-8"?>
<!DOCTYPE html PUBLIC "-//W3C//DTD XHTML 1.0 Transitional//EN"
    "http://www.w3.org/TR/xhtml1/DTD/xhtml1-transitional.dtd">
<html xmlns="http://www.w3.org/1999/xhtml" xml:lang="en" lang="en">
 <head>
  <title>
</title>
<meta http-equiv="Content-Type" content="text/html;charset=utf-8" />
  <meta name='ocr-system' content='tesseract 3.04.00' />
  <meta name='ocr-capabilities' content='ocr_page ocr_carea ocr_par ocr_line ocrx_word'/>
</head>
<body>
  <div class='ocr_page' id='page_1' title='image "./horatiiromanipo00lehngoog_0029.png"; bbox 0 0 2659 3909; ppageno 0'>
   <div class='ocr_carea' id='block_1_1' title="bbox 559 164 743 223">
    <p class='ocr_par' dir='ltr' id='par_1_1' title="bbox 559 164 743 223">
     <span class='ocr_line' id='line_1_1' title="bbox 559 164 743 223; baseline -0.005 -2"><span class='ocrx_word' id='word_1_1' title='bbox 559 164 743 223; x_wconf 73' lang='lat' dir='ltr'><strong>Poaaaam</strong></span> 
     </span>
    </p>
   </div>
   <div class='ocr_carea' id='block_1_2' title="bbox 145 318 933 486">
    <p class='ocr_par' dir='ltr' id='par_1_2' title="bbox 145 318 933 486">
     <span class='ocr_line' id='line_1_2' title="bbox 145 318 852 408; baseline -0.004 -31"><span class='ocrx_word' id='word_1_2' title='bbox 145 319 279 395; x_wconf 78' lang='lat' dir='ltr'>Exposui</span> <span class='ocrx_word' id='word_1_3' title='bbox 300 319 382 393; x_wconf 80' lang='lat' dir='ltr'><strong>faiis,</strong></span> <span class='ocrx_word' id='word_1_4' title='bbox 405 338 464 398; x_wconf 83' lang='lat' dir='ltr'><strong>ege</strong></span> <span class='ocrx_word' id='word_1_5' title='bbox 484 323 514 378; x_wconf 79' lang='lat' dir='ltr'><strong>ie</strong></span> <span class='ocrx_word' id='word_1_6' title='bbox 537 318 710 408; x_wconf 85' lang='lat' dir='ltr'><strong>furibunda</strong></span> <span class='ocrx_word' id='word_1_7' title='bbox 723 320 807 397; x_wconf 82' lang='lat' dir='ltr'><strong>coegi</strong></span> <span class='ocrx_word' id='word_1_8' title='bbox 849 336 852 342; x_wconf 51' lang='lat'><strong>¹</strong></span> 
     </span>
     <span class='ocr_line' id='line_1_3' title="bbox 146 407 933 486; baseline -0.004 -18"><span class='ocrx_word' id='word_1_9' title='bbox 146 407 316 469; x_wconf 87' lang='lat' dir='ltr'><strong>Occuluisse</strong></span> <span class='ocrx_word' id='word_1_10' title='bbox 339 410 423 468; x_wconf 88' lang='lat' dir='ltr'><strong>nefas</strong></span> <span class='ocrx_word' id='word_1_11' title='bbox 438 408 582 486; x_wconf 86' lang='lat' dir='ltr'><strong>precibus</strong></span> <span class='ocrx_word' id='word_1_12' title='bbox 603 408 796 484; x_wconf 71' lang='lat' dir='ltr'><strong>lacrimisque</strong></span> <span class='ocrx_word' id='word_1_13' title='bbox 818 408 933 482; x_wconf 84' lang='lat' dir='ltr'><strong>reflexi,</strong></span> 
     </span>
    </p>
   </div>
   <div class='ocr_carea' id='block_1_3' title="bbox 103 493 1160 573">
    <p class='ocr_par' dir='ltr' id='par_1_3' title="bbox 103 493 1160 573">
     <span class='ocr_line' id='line_1_4' title="bbox 103 493 1160 573; baseline -0.004 -15"><span class='ocrx_word' id='word_1_14' title='bbox 103 517 131 558; x_wconf 78' lang='lat' dir='ltr'><strong>aa</strong></span> <span class='ocrx_word' id='word_1_15' title='bbox 148 497 242 573; x_wconf 84' lang='lat' dir='ltr'><strong>Saepe</strong></span> <span class='ocrx_word' id='word_1_16' title='bbox 264 497 363 571; x_wconf 88' lang='lat' dir='ltr'><strong>minis,</strong></span> <span class='ocrx_word' id='word_1_17' title='bbox 386 498 510 557; x_wconf 78' lang='lat' dir='ltr'><strong>fratrem</strong></span> <span class='ocrx_word' id='word_1_18' title='bbox 533 501 564 557; x_wconf 77' lang='lat' dir='ltr'><strong>ei</strong></span> <span class='ocrx_word' id='word_1_19' title='bbox 586 497 704 557; x_wconf 85' lang='lat' dir='ltr'><strong>facinus</strong></span> <span class='ocrx_word' id='word_1_20' title='bbox 726 515 763 556; x_wconf 85' lang='lat' dir='ltr'><strong>ne</strong></span> <span class='ocrx_word' id='word_1_21' title='bbox 786 497 910 573; x_wconf 78' lang='lat' dir='ltr'>prodere</span> <span class='ocrx_word' id='word_1_22' title='bbox 933 498 1035 555; x_wconf 79' lang='lat' dir='ltr'><strong>velles.</strong></span> <span class='ocrx_word' id='word_1_23' title='bbox 1144 493 1160 539; x_wconf 66' lang='lat' dir='ltr'><strong>‘ss</strong></span> 
     </span>
    </p>
   </div>
   <div class='ocr_carea' id='block_1_4' title="bbox 3 585 1148 3251">
    <p class='ocr_par' dir='ltr' id='par_1_4' title="bbox 145 585 983 931">
     <span class='ocr_line' id='line_1_5' title="bbox 145 585 832 663; baseline -0.003 -18"><span class='ocrx_word' id='word_1_24' title='bbox 145 585 216 647; x_wconf 89' lang='lat' dir='ltr'><strong>Plus</strong></span> <span class='ocrx_word' id='word_1_25' title='bbox 238 586 403 663; x_wconf 78' lang='lat' dir='ltr'><strong>Eryphilea</strong></span> <span class='ocrx_word' id='word_1_26' title='bbox 425 590 515 646; x_wconf 89' lang='lat' dir='ltr'><strong>necui</strong></span> <span class='ocrx_word' id='word_1_27' title='bbox 537 588 698 646; x_wconf 71' lang='lat' dir='ltr'><strong>temeraria</strong></span> <span class='ocrx_word' id='word_1_28' title='bbox 719 586 832 645; x_wconf 80' lang='lat' dir='ltr'><strong>fraude.</strong></span> 
     </span>
     <span class='ocr_line' id='line_1_6' title="bbox 145 675 822 751; baseline -0.001 -18"><span class='ocrx_word' id='word_1_29' title='bbox 145 675 283 751; x_wconf 88' lang='lat' dir='ltr'><strong>Imperiis</strong></span> <span class='ocrx_word' id='word_1_30' title='bbox 305 676 425 735; x_wconf 84' lang='lat' dir='ltr'><strong>inhians</strong></span> <span class='ocrx_word' id='word_1_31' title='bbox 449 676 591 735; x_wconf 85' lang='lat' dir='ltr'><strong>excellere</strong></span> <span class='ocrx_word' id='word_1_32' title='bbox 615 675 744 735; x_wconf 69' lang='lat' dir='ltr'><strong>cultibus</strong></span> <span class='ocrx_word' id='word_1_33' title='bbox 767 675 822 733; x_wconf 88' lang='lat' dir='ltr'><strong>illa</strong></span> 
     </span>
     <span class='ocr_line' id='line_1_7' title="bbox 146 765 983 842; baseline -0.001 -20"><span class='ocrx_word' id='word_1_34' title='bbox 146 765 250 823; x_wconf 81' lang='lat' dir='ltr'><strong>Traxit</strong></span> <span class='ocrx_word' id='word_1_35' title='bbox 271 766 465 842; x_wconf 87' lang='lat' dir='ltr'><strong>Apollineum</strong></span> <span class='ocrx_word' id='word_1_36' title='bbox 486 765 659 824; x_wconf 73' lang='lat' dir='ltr'><strong>latitantem</strong></span> <span class='ocrx_word' id='word_1_37' title='bbox 682 765 713 822; x_wconf 92' lang='lat' dir='ltr'><strong>in</strong></span> <span class='ocrx_word' id='word_1_38' title='bbox 736 766 851 823; x_wconf 80' lang='lat' dir='ltr'><strong>launna</strong></span> <span class='ocrx_word' id='word_1_39' title='bbox 875 769 983 823; x_wconf 78' lang='lat' dir='ltr'><strong>vatem.</strong></span> 
     </span>
     <span class='ocr_line' id='line_1_8' title="bbox 145 853 801 931; baseline 0 -19"><span class='ocrx_word' id='word_1_40' title='bbox 145 853 211 913; x_wconf 85' lang='lat' dir='ltr'><strong>Hoc</strong></span> <span class='ocrx_word' id='word_1_41' title='bbox 234 855 336 913; x_wconf 83' lang='lat' dir='ltr'><strong>efferre</strong></span> <span class='ocrx_word' id='word_1_42' title='bbox 359 854 443 913; x_wconf 86' lang='lat' dir='ltr'><strong>nefas</strong></span> <span class='ocrx_word' id='word_1_43' title='bbox 466 872 552 914; x_wconf 87' lang='lat' dir='ltr'><strong>casus</strong></span> <span class='ocrx_word' id='word_1_44' title='bbox 576 854 683 931; x_wconf 82' lang='lat' dir='ltr'><strong>ignara</strong></span> <span class='ocrx_word' id='word_1_45' title='bbox 704 854 801 912; x_wconf 77' lang='lat' dir='ltr'><strong>fanni</strong></span> 
     </span>
    </p>

    <p class='ocr_par' dir='ltr' id='par_1_5' title="bbox 102 942 876 1018">
     <span class='ocr_line' id='line_1_9' title="bbox 102 942 876 1018; baseline -0.004 -15"><span class='ocrx_word' id='word_1_46' title='bbox 102 963 131 1003; x_wconf 81' lang='lat' dir='ltr'><strong>ac</strong></span> <span class='ocrx_word' id='word_1_47' title='bbox 145 944 189 1001; x_wconf 86' lang='lat' dir='ltr'><strong>Te</strong></span> <span class='ocrx_word' id='word_1_48' title='bbox 210 942 295 1003; x_wconf 76' lang='lat' dir='ltr'><strong>vetui</strong></span> <span class='ocrx_word' id='word_1_49' title='bbox 318 944 445 1003; x_wconf 77' lang='lat' dir='ltr'><strong>coniunx</strong></span> <span class='ocrx_word' id='word_1_50' title='bbox 467 944 640 1018; x_wconf 86' lang='lat' dir='ltr'><strong>maioraque</strong></span> <span class='ocrx_word' id='word_1_51' title='bbox 663 943 777 1001; x_wconf 84' lang='lat' dir='ltr'><strong>viribus</strong></span> <span class='ocrx_word' id='word_1_52' title='bbox 801 962 876 1001; x_wconf 88' lang='lat' dir='ltr'><strong>ausa</strong></span> 
     </span>
    </p>

    <p class='ocr_par' dir='ltr' id='par_1_6' title="bbox 50 1031 932 1373">
     <span class='ocr_line' id='line_1_10' title="bbox 50 1031 812 1108; baseline -0.001 -18"><span class='ocrx_word' id='word_1_53' title='bbox 50 1039 60 1049; x_wconf 78' lang='lat'><strong><em>‘</em></strong></span> <span class='ocrx_word' id='word_1_54' title='bbox 148 1032 273 1108; x_wconf 77' lang='lat' dir='ltr'>Speravi</span> <span class='ocrx_word' id='word_1_55' title='bbox 295 1031 394 1091; x_wconf 77' lang='lat' dir='ltr'><strong>titulis</strong></span> <span class='ocrx_word' id='word_1_56' title='bbox 418 1050 518 1091; x_wconf 89' lang='lat' dir='ltr'><strong>omnes</strong></span> <span class='ocrx_word' id='word_1_57' title='bbox 541 1033 656 1091; x_wconf 79' lang='lat' dir='ltr'><strong>anteire</strong></span> <span class='ocrx_word' id='word_1_58' title='bbox 680 1032 812 1091; x_wconf 77' lang='lat' dir='ltr'><strong>Latinas.</strong></span> 
     </span>
     <span class='ocr_line' id='line_1_11' title="bbox 146 1119 914 1198; baseline 0.001 -21"><span class='ocrx_word' id='word_1_59' title='bbox 146 1119 306 1181; x_wconf 76' lang='lat' dir='ltr'><strong>Successus</strong></span> <span class='ocrx_word' id='word_1_60' title='bbox 328 1139 396 1179; x_wconf 89' lang='lat' dir='ltr'><strong>reor</strong></span> <span class='ocrx_word' id='word_1_61' title='bbox 418 1120 522 1194; x_wconf 80' lang='lat' dir='ltr'><strong>oblati,</strong></span> <span class='ocrx_word' id='word_1_62' title='bbox 546 1139 620 1196; x_wconf 93' lang='lat' dir='ltr'><strong>quos</strong></span> <span class='ocrx_word' id='word_1_63' title='bbox 643 1120 796 1198; x_wconf 88' lang='lat' dir='ltr'><strong>improbus</strong></span> <span class='ocrx_word' id='word_1_64' title='bbox 819 1124 914 1198; x_wconf 79' lang='lat' dir='ltr'><strong>urget,</strong></span> 
     </span>
     <span class='ocr_line' id='line_1_12' title="bbox 145 1208 932 1285; baseline 0 -18"><span class='ocrx_word' id='word_1_65' title='bbox 145 1208 330 1269; x_wconf 78' lang='lat' dir='ltr'><strong>Paenituisse</strong></span> <span class='ocrx_word' id='word_1_66' title='bbox 354 1208 437 1269; x_wconf 87' lang='lat' dir='ltr'><strong>dees:</strong></span> <span class='ocrx_word' id='word_1_67' title='bbox 460 1230 529 1268; x_wconf 87' lang='lat' dir='ltr'><strong>nam</strong></span> <span class='ocrx_word' id='word_1_68' title='bbox 554 1210 578 1269; x_wconf 89' lang='lat' dir='ltr'><strong>si</strong></span> <span class='ocrx_word' id='word_1_69' title='bbox 602 1209 682 1268; x_wconf 89' lang='lat' dir='ltr'><strong>mala</strong></span> <span class='ocrx_word' id='word_1_70' title='bbox 706 1209 804 1269; x_wconf 84' lang='lat' dir='ltr'><strong>sidera</strong></span> <span class='ocrx_word' id='word_1_71' title='bbox 826 1210 932 1285; x_wconf 87' lang='lat' dir='ltr'><strong>culpae</strong></span> 
     </span>
     <span class='ocr_line' id='line_1_13' title="bbox 144 1298 887 1373; baseline -0.001 -16"><span class='ocrx_word' id='word_1_72' title='bbox 144 1298 295 1357; x_wconf 76' lang='lat' dir='ltr'><strong>Inclinant</strong></span> <span class='ocrx_word' id='word_1_73' title='bbox 318 1300 442 1373; x_wconf 88' lang='lat' dir='ltr'><strong>animos,</strong></span> <span class='ocrx_word' id='word_1_74' title='bbox 464 1298 563 1358; x_wconf 73' lang='lat' dir='ltr'><strong>fuerat</strong></span> <span class='ocrx_word' id='word_1_75' title='bbox 584 1299 742 1357; x_wconf 78' lang='lat' dir='ltr'><strong>tolerabile</strong></span> <span class='ocrx_word' id='word_1_76' title='bbox 765 1299 887 1357; x_wconf 77' lang='lat' dir='ltr'><strong>facmm.</strong></span> 
     </span>
    </p>

    <p class='ocr_par' dir='ltr' id='par_1_7' title="bbox 103 1383 1025 1821">
     <span class='ocr_line' id='line_1_14' title="bbox 103 1383 886 1463; baseline 0.001 -17"><span class='ocrx_word' id='word_1_77' title='bbox 103 1383 171 1447; x_wconf 81' lang='lat' dir='ltr'><strong>aaO</strong></span> <span class='ocrx_word' id='word_1_78' title='bbox 195 1390 265 1446; x_wconf 74' lang='lat' dir='ltr'><strong>nale</strong></span> <span class='ocrx_word' id='word_1_79' title='bbox 288 1386 401 1462; x_wconf 85' lang='lat' dir='ltr'><strong>infelix,</strong></span> <span class='ocrx_word' id='word_1_80' title='bbox 424 1407 484 1463; x_wconf 89' lang='lat' dir='ltr'><strong>qua</strong></span> <span class='ocrx_word' id='word_1_81' title='bbox 507 1391 537 1447; x_wconf 71' lang='lat' dir='ltr'><strong>te</strong></span> <span class='ocrx_word' id='word_1_82' title='bbox 560 1387 615 1447; x_wconf 90' lang='lat' dir='ltr'><strong>sub</strong></span> <span class='ocrx_word' id='word_1_83' title='bbox 637 1391 725 1447; x_wconf 80' lang='lat' dir='ltr'><strong>nocte</strong></span> <span class='ocrx_word' id='word_1_84' title='bbox 747 1388 886 1447; x_wconf 76' lang='lat' dir='ltr'><strong>futurum</strong></span> 
     </span>
     <span class='ocr_line' id='line_1_15' title="bbox 145 1476 861 1553; baseline 0.001 -19"><span class='ocrx_word' id='word_1_85' title='bbox 145 1476 246 1535; x_wconf 80' lang='lat' dir='ltr'><strong>Exitio</strong></span> <span class='ocrx_word' id='word_1_86' title='bbox 269 1478 386 1552; x_wconf 79' lang='lat' dir='ltr'><strong>patriae</strong></span> <span class='ocrx_word' id='word_1_87' title='bbox 409 1478 539 1553; x_wconf 85' lang='lat' dir='ltr'><strong>concepi,</strong></span> <span class='ocrx_word' id='word_1_88' title='bbox 562 1476 706 1536; x_wconf 75' lang='lat' dir='ltr'><strong>exhausta</strong></span> <span class='ocrx_word' id='word_1_89' title='bbox 729 1476 861 1551; x_wconf 72' lang='lat' dir='ltr'><strong>finissem,</strong></span> 
     </span>
     <span class='ocr_line' id='line_1_16' title="bbox 144 1564 933 1641; baseline 0.001 -19"><span class='ocrx_word' id='word_1_90' title='bbox 144 1564 224 1625; x_wconf 89' lang='lat' dir='ltr'><strong>Dum</strong></span> <span class='ocrx_word' id='word_1_91' title='bbox 247 1564 334 1625; x_wconf 87' lang='lat' dir='ltr'><strong>furiis</strong></span> <span class='ocrx_word' id='word_1_92' title='bbox 357 1569 474 1625; x_wconf 77' lang='lat' dir='ltr'><strong>uterum</strong></span> <span class='ocrx_word' id='word_1_93' title='bbox 497 1565 622 1626; x_wconf 88' lang='lat' dir='ltr'><strong>Veneris</strong></span> <span class='ocrx_word' id='word_1_94' title='bbox 645 1569 783 1625; x_wconf 73' lang='lat' dir='ltr'><strong>saturata</strong></span> <span class='ocrx_word' id='word_1_95' title='bbox 805 1566 933 1641; x_wconf 82' lang='lat' dir='ltr'><strong>replevi!</strong></span> 
     </span>
     <span class='ocr_line' id='line_1_17' title="bbox 143 1651 910 1732; baseline 0.001 -21"><span class='ocrx_word' id='word_1_96' title='bbox 143 1653 321 1730; x_wconf 75' lang='lat' dir='ltr'><strong>Inpariuna</strong></span> <span class='ocrx_word' id='word_1_97' title='bbox 344 1654 431 1714; x_wconf 74' lang='lat' dir='ltr'><strong>thoro</strong></span> <span class='ocrx_word' id='word_1_98' title='bbox 454 1673 521 1713; x_wconf 87' lang='lat' dir='ltr'><strong>aum</strong></span> <span class='ocrx_word' id='word_1_99' title='bbox 543 1654 674 1731; x_wconf 88' lang='lat' dir='ltr'><strong>primum</strong></span> <span class='ocrx_word' id='word_1_100' title='bbox 697 1656 783 1715; x_wconf 80' lang='lat' dir='ltr'><strong>enixa</strong></span> <span class='ocrx_word' id='word_1_101' title='bbox 807 1651 910 1732; x_wconf 80' lang='lat' dir='ltr'><strong>iugali,</strong></span> 
     </span>
     <span class='ocr_line' id='line_1_18' title="bbox 144 1743 1025 1821; baseline 0.002 -21"><span class='ocrx_word' id='word_1_102' title='bbox 144 1743 331 1820; x_wconf 87' lang='lat' dir='ltr'><strong>Thesiphcne</strong></span> <span class='ocrx_word' id='word_1_103' title='bbox 355 1745 479 1803; x_wconf 74' lang='lat' dir='ltr'><strong>ostearix</strong></span> <span class='ocrx_word' id='word_1_104' title='bbox 501 1746 607 1821; x_wconf 82' lang='lat' dir='ltr'><strong>partus</strong></span> <span class='ocrx_word' id='word_1_105' title='bbox 631 1747 662 1803; x_wconf 81' lang='lat' dir='ltr'><strong>ei</strong></span> <span class='ocrx_word' id='word_1_106' title='bbox 684 1744 806 1802; x_wconf 88' lang='lat' dir='ltr'><strong>alumna</strong></span> <span class='ocrx_word' id='word_1_107' title='bbox 828 1744 956 1821; x_wconf 83' lang='lat' dir='ltr'><strong>maligni</strong></span> <span class='ocrx_word' id='word_1_108' title='bbox 1023 1783 1025 1786; x_wconf 93' lang='lat'>-</span> 
     </span>
    </p>

    <p class='ocr_par' dir='ltr' id='par_1_8' title="bbox 103 1831 1046 2264">
     <span class='ocr_line' id='line_1_19' title="bbox 103 1831 821 1911; baseline -0.003 -21"><span class='ocrx_word' id='word_1_109' title='bbox 103 1852 130 1891; x_wconf 82' lang='lat' dir='ltr'><strong>aa</strong></span> <span class='ocrx_word' id='word_1_110' title='bbox 144 1831 254 1890; x_wconf 74' lang='lat' dir='ltr'><strong>affuit:</strong></span> <span class='ocrx_word' id='word_1_111' title='bbox 275 1832 330 1891; x_wconf 86' lang='lat' dir='ltr'><strong>illa</strong></span> <span class='ocrx_word' id='word_1_112' title='bbox 353 1851 406 1892; x_wconf 88' lang='lat' dir='ltr'><strong>suo</strong></span> <span class='ocrx_word' id='word_1_113' title='bbox 429 1833 570 1909; x_wconf 82' lang='lat' dir='ltr'><strong>produxii</strong></span> <span class='ocrx_word' id='word_1_114' title='bbox 592 1833 720 1911; x_wconf 80' lang='lat' dir='ltr'><strong>pignam</strong></span> <span class='ocrx_word' id='word_1_115' title='bbox 742 1837 821 1892; x_wconf 80' lang='lat' dir='ltr'><strong>vote.</strong></span> 
     </span>
     <span class='ocr_line' id='line_1_20' title="bbox 145 1917 1046 1981; baseline 0.002 -2"><span class='ocrx_word' id='word_1_116' title='bbox 145 1923 228 1980; x_wconf 90' lang='lat' dir='ltr'><strong>Tune</strong></span> <span class='ocrx_word' id='word_1_117' title='bbox 252 1922 345 1980; x_wconf 75' lang='lat' dir='ltr'><strong>etiam</strong></span> <span class='ocrx_word' id='word_1_118' title='bbox 366 1924 478 1981; x_wconf 76' lang='lat' dir='ltr'><strong>teneris</strong></span> <span class='ocrx_word' id='word_1_119' title='bbox 500 1924 621 1981; x_wconf 76' lang='lat' dir='ltr'><strong>lanium</strong></span> <span class='ocrx_word' id='word_1_120' title='bbox 643 1922 739 1981; x_wconf 90' lang='lat' dir='ltr'><strong>scelus</strong></span> <span class='ocrx_word' id='word_1_121' title='bbox 761 1940 852 1981; x_wconf 86' lang='lat' dir='ltr'><strong>ausus</strong></span> <span class='ocrx_word' id='word_1_122' title='bbox 877 1922 914 1980; x_wconf 89' lang='lat' dir='ltr'><strong>ab</strong></span> <span class='ocrx_word' id='word_1_123' title='bbox 938 1917 1046 1981; x_wconf 80' lang='lat' dir='ltr'><strong>annis?</strong></span> 
     </span>
     <span class='ocr_line' id='line_1_21' title="bbox 145 2008 970 2087; baseline 0.001 -19"><span class='ocrx_word' id='word_1_124' title='bbox 145 2008 239 2079; x_wconf 85' lang='lat' dir='ltr'><strong>Quem</strong></span> <span class='ocrx_word' id='word_1_125' title='bbox 260 2012 343 2087; x_wconf 74' lang='lat' dir='ltr'><strong>patri</strong></span> <span class='ocrx_word' id='word_1_126' title='bbox 365 2013 504 2070; x_wconf 67' lang='lat' dir='ltr'><strong>comitem</strong></span> <span class='ocrx_word' id='word_1_127' title='bbox 526 2010 641 2069; x_wconf 88' lang='lat' dir='ltr'><strong>misero.</strong></span> <span class='ocrx_word' id='word_1_128' title='bbox 657 2010 741 2070; x_wconf 82' lang='lat' dir='ltr'><strong>dedit</strong></span> <span class='ocrx_word' id='word_1_129' title='bbox 762 2012 859 2069; x_wconf 82' lang='lat' dir='ltr'><strong>exiius</strong></span> <span class='ocrx_word' id='word_1_130' title='bbox 882 2011 970 2083; x_wconf 83' lang='lat' dir='ltr'><strong>idem,</strong></span> 
     </span>
     <span class='ocr_line' id='line_1_22' title="bbox 144 2098 870 2175; baseline 0.003 -19"><span class='ocrx_word' id='word_1_131' title='bbox 144 2099 213 2159; x_wconf 83' lang='lat' dir='ltr'><strong>Non</strong></span> <span class='ocrx_word' id='word_1_132' title='bbox 236 2101 323 2175; x_wconf 80' lang='lat' dir='ltr'><strong>potui</strong></span> <span class='ocrx_word' id='word_1_133' title='bbox 345 2099 476 2158; x_wconf 86' lang='lat' dir='ltr'><strong>medium</strong></span> <span class='ocrx_word' id='word_1_134' title='bbox 498 2101 596 2175; x_wconf 88' lang='lat' dir='ltr'><strong>prima</strong></span> <span class='ocrx_word' id='word_1_135' title='bbox 620 2102 650 2158; x_wconf 76' lang='lat' dir='ltr'><strong>ie</strong></span> <span class='ocrx_word' id='word_1_136' title='bbox 674 2098 783 2158; x_wconf 85' lang='lat' dir='ltr'><strong>elidere</strong></span> <span class='ocrx_word' id='word_1_137' title='bbox 806 2102 870 2158; x_wconf 75' lang='lat' dir='ltr'><strong>viia</strong></span> 
     </span>
     <span class='ocr_line' id='line_1_23' title="bbox 144 2184 1027 2264; baseline 0.005 -20"><span class='ocrx_word' id='word_1_138' title='bbox 144 2187 315 2247; x_wconf 82' lang='lat' dir='ltr'><strong>Visceribus</strong></span> <span class='ocrx_word' id='word_1_139' title='bbox 337 2184 435 2264; x_wconf 74' lang='lat' dir='ltr'><strong>ruptis</strong></span> <span class='ocrx_word' id='word_1_140' title='bbox 458 2189 506 2247; x_wconf 88' lang='lat' dir='ltr'><strong>vel</strong></span> <span class='ocrx_word' id='word_1_141' title='bbox 530 2188 690 2248; x_wconf 76' lang='lat' dir='ltr'><strong>abhortum</strong></span> <span class='ocrx_word' id='word_1_142' title='bbox 713 2188 863 2247; x_wconf 83' lang='lat' dir='ltr'><strong>effundere</strong></span> <span class='ocrx_word' id='word_1_143' title='bbox 885 2189 1027 2264; x_wconf 74' lang='lat' dir='ltr'><strong>partum?</strong></span> 
     </span>
    </p>

    <p class='ocr_par' dir='ltr' id='par_1_9' title="bbox 104 2276 1148 2708">
     <span class='ocr_line' id='line_1_24' title="bbox 104 2276 1148 2356; baseline 0 -19"><span class='ocrx_word' id='word_1_144' title='bbox 104 2298 131 2337; x_wconf 82' lang='lat' dir='ltr'><strong>ss</strong></span> <span class='ocrx_word' id='word_1_145' title='bbox 145 2276 193 2335; x_wconf 82' lang='lat' dir='ltr'><strong>Ah</strong></span> <span class='ocrx_word' id='word_1_146' title='bbox 217 2278 325 2337; x_wconf 79' lang='lat' dir='ltr'><strong>saliem</strong></span> <span class='ocrx_word' id='word_1_147' title='bbox 347 2280 466 2354; x_wconf 78' lang='lat' dir='ltr'><strong>poteras</strong></span> <span class='ocrx_word' id='word_1_148' title='bbox 490 2277 597 2356; x_wconf 86' lang='lat' dir='ltr'><strong>dignus</strong></span> <span class='ocrx_word' id='word_1_149' title='bbox 621 2278 733 2354; x_wconf 74' lang='lat' dir='ltr'><strong>pietate</strong></span> <span class='ocrx_word' id='word_1_150' title='bbox 756 2277 861 2351; x_wconf 80' lang='lat' dir='ltr'><strong>rideri,</strong></span> <span class='ocrx_word' id='word_1_151' title='bbox 1145 2291 1148 2295; x_wconf 76' lang='grc'><em>’</em></span> 
     </span>
     <span class='ocr_line' id='line_1_25' title="bbox 144 2366 932 2443; baseline 0 -19"><span class='ocrx_word' id='word_1_152' title='bbox 144 2366 185 2424; x_wconf 87' lang='lat' dir='ltr'><strong>Ni</strong></span> <span class='ocrx_word' id='word_1_153' title='bbox 206 2369 353 2427; x_wconf 71' lang='lat' dir='ltr'><strong>tentasset</strong></span> <span class='ocrx_word' id='word_1_154' title='bbox 375 2370 460 2426; x_wconf 77' lang='lat' dir='ltr'><strong>atrox</strong></span> <span class='ocrx_word' id='word_1_155' title='bbox 483 2366 651 2426; x_wconf 85' lang='lat' dir='ltr'><strong>Romanum</strong></span> <span class='ocrx_word' id='word_1_156' title='bbox 673 2366 784 2425; x_wconf 85' lang='lat' dir='ltr'><strong>iniuria</strong></span> <span class='ocrx_word' id='word_1_157' title='bbox 806 2371 932 2443; x_wconf 83' lang='lat' dir='ltr'><strong>palrem.</strong></span> 
     </span>
     <span class='ocr_line' id='line_1_26' title="bbox 144 2453 842 2533; baseline 0 -20"><span class='ocrx_word' id='word_1_158' title='bbox 144 2453 209 2513; x_wconf 88' lang='lat' dir='ltr'><strong>Ima</strong></span> <span class='ocrx_word' id='word_1_159' title='bbox 233 2474 287 2533; x_wconf 84' lang='lat' dir='ltr'><strong>ego</strong></span> <span class='ocrx_word' id='word_1_160' title='bbox 311 2474 371 2515; x_wconf 88' lang='lat' dir='ltr'><strong>non</strong></span> <span class='ocrx_word' id='word_1_161' title='bbox 394 2457 491 2514; x_wconf 88' lang='lat' dir='ltr'><strong>ausim</strong></span> <span class='ocrx_word' id='word_1_162' title='bbox 513 2456 593 2515; x_wconf 77' lang='lat' dir='ltr'><strong>tanti</strong></span> <span class='ocrx_word' id='word_1_163' title='bbox 616 2457 766 2515; x_wconf 79' lang='lat' dir='ltr'><strong>consortia</strong></span> <span class='ocrx_word' id='word_1_164' title='bbox 788 2455 842 2514; x_wconf 80' lang='lat' dir='ltr'><strong>leti</strong></span> 
     </span>
     <span class='ocr_line' id='line_1_27' title="bbox 144 2543 1096 2621; baseline 0.003 -20"><span class='ocrx_word' id='word_1_165' title='bbox 144 2543 302 2620; x_wconf 87' lang='lat' dir='ltr'><strong>Rumpere,</strong></span> <span class='ocrx_word' id='word_1_166' title='bbox 324 2563 377 2603; x_wconf 86' lang='lat' dir='ltr'><strong>vos</strong></span> <span class='ocrx_word' id='word_1_167' title='bbox 400 2546 501 2621; x_wconf 79' lang='lat' dir='ltr'><strong>potius</strong></span> <span class='ocrx_word' id='word_1_168' title='bbox 525 2562 623 2604; x_wconf 87' lang='lat' dir='ltr'><strong>comes</strong></span> <span class='ocrx_word' id='word_1_169' title='bbox 646 2548 803 2621; x_wconf 74' lang='lat' dir='ltr'><strong>expectata</strong></span> <span class='ocrx_word' id='word_1_170' title='bbox 825 2565 879 2620; x_wconf 92' lang='lat' dir='ltr'><strong>per</strong></span> <span class='ocrx_word' id='word_1_171' title='bbox 901 2546 1020 2604; x_wconf 90' lang='lat' dir='ltr'><strong>umbras</strong></span> <span class='ocrx_word' id='word_1_172' title='bbox 1095 2563 1096 2567; x_wconf 72' lang='grc'>’</span> 
     </span>
     <span class='ocr_line' id='line_1_28' title="bbox 144 2630 923 2708; baseline 0.004 -18"><span class='ocrx_word' id='word_1_173' title='bbox 144 2632 297 2708; x_wconf 87' lang='lat' dir='ltr'><strong>Insequar.</strong></span> <span class='ocrx_word' id='word_1_174' title='bbox 344 2630 368 2691; x_wconf 88' lang='grc' dir='ltr'><strong>Ο</strong></span> <span class='ocrx_word' id='word_1_175' title='bbox 393 2635 518 2693; x_wconf 83' lang='lat' dir='ltr'><strong>miserae</strong></span> <span class='ocrx_word' id='word_1_176' title='bbox 540 2636 642 2693; x_wconf 75' lang='lat' dir='ltr'><strong>lanios</strong></span> <span class='ocrx_word' id='word_1_177' title='bbox 665 2634 784 2693; x_wconf 88' lang='lat' dir='ltr'><strong>abolere</strong></span> <span class='ocrx_word' id='word_1_178' title='bbox 807 2634 923 2694; x_wconf 87' lang='lat' dir='ltr'><strong>dolores</strong></span> 
     </span>
    </p>

    <p class='ocr_par' dir='ltr' id='par_1_10' title="bbox 92 2720 1093 3155">
     <span class='ocr_line' id='line_1_29' title="bbox 92 2720 1052 2799; baseline 0 -18"><span class='ocrx_word' id='word_1_179' title='bbox 92 2740 131 2781; x_wconf 77' lang='lat' dir='ltr'><strong>aaa</strong></span> <span class='ocrx_word' id='word_1_180' title='bbox 144 2720 192 2779; x_wconf 92' lang='lat' dir='ltr'><strong>Da</strong></span> <span class='ocrx_word' id='word_1_181' title='bbox 214 2721 289 2780; x_wconf 91' lang='lat' dir='ltr'><strong>mihi</strong></span> <span class='ocrx_word' id='word_1_182' title='bbox 311 2724 406 2781; x_wconf 65' lang='lat' dir='ltr'><strong>morie</strong></span> <span class='ocrx_word' id='word_1_183' title='bbox 428 2724 516 2799; x_wconf 80' lang='lat' dir='ltr'><strong>pater</strong></span> <span class='ocrx_word' id='word_1_184' title='bbox 538 2723 627 2783; x_wconf 89' lang='lat' dir='ltr'><strong>simul</strong></span> <span class='ocrx_word' id='word_1_185' title='bbox 650 2728 681 2781; x_wconf 85' lang='lat' dir='ltr'><strong>et</strong></span> <span class='ocrx_word' id='word_1_186' title='bbox 703 2725 886 2799; x_wconf 87' lang='lat' dir='ltr'><strong>requiescere</strong></span> <span class='ocrx_word' id='word_1_187' title='bbox 908 2726 941 2781; x_wconf 90' lang='lat' dir='ltr'><strong>in</strong></span> <span class='ocrx_word' id='word_1_188' title='bbox 963 2726 1052 2783; x_wconf 86' lang='lat' dir='ltr'><strong>urna!</strong></span> 
     </span>
     <span class='ocr_line' id='line_1_30' title="bbox 145 2808 1063 2890; baseline 0.003 -22"><span class='ocrx_word' id='word_1_189' title='bbox 145 2808 224 2879; x_wconf 86' lang='lat' dir='ltr'><strong>Quin</strong></span> <span class='ocrx_word' id='word_1_190' title='bbox 246 2811 315 2869; x_wconf 81' lang='lat' dir='ltr'><strong>vive</strong></span> <span class='ocrx_word' id='word_1_191' title='bbox 337 2814 372 2869; x_wconf 82' lang='lat' dir='ltr'><strong>ui</strong></span> <span class='ocrx_word' id='word_1_192' title='bbox 394 2814 503 2870; x_wconf 77' lang='lat' dir='ltr'><strong>merila</strong></span> <span class='ocrx_word' id='word_1_193' title='bbox 526 2830 557 2871; x_wconf 89' lang='lat' dir='ltr'><strong>es</strong></span> <span class='ocrx_word' id='word_1_194' title='bbox 579 2812 736 2871; x_wconf 76' lang='lat' dir='ltr'><strong>tenebrosa</strong></span> <span class='ocrx_word' id='word_1_195' title='bbox 758 2813 790 2870; x_wconf 89' lang='lat' dir='ltr'><strong>in</strong></span> <span class='ocrx_word' id='word_1_196' title='bbox 811 2815 948 2890; x_wconf 81' lang='lat' dir='ltr'><strong>tempora</strong></span> <span class='ocrx_word' id='word_1_197' title='bbox 970 2814 1063 2887; x_wconf 78' lang='lat' dir='ltr'><strong>lucin,</strong></span> 
     </span>
     <span class='ocr_line' id='line_1_31' title="bbox 145 2898 913 2977; baseline 0.003 -19"><span class='ocrx_word' id='word_1_198' title='bbox 145 2898 192 2958; x_wconf 78' lang='lat' dir='ltr'><strong>Sit</strong></span> <span class='ocrx_word' id='word_1_199' title='bbox 214 2898 272 2958; x_wconf 79' lang='lat' dir='ltr'><strong>cibi</strong></span> <span class='ocrx_word' id='word_1_200' title='bbox 294 2901 359 2958; x_wconf 78' lang='lat' dir='ltr'><strong>vita</strong></span> <span class='ocrx_word' id='word_1_201' title='bbox 381 2918 480 2975; x_wconf 87' lang='lat' dir='ltr'><strong>super,</strong></span> <span class='ocrx_word' id='word_1_202' title='bbox 503 2900 601 2976; x_wconf 89' lang='lat' dir='ltr'><strong>qualis</strong></span> <span class='ocrx_word' id='word_1_203' title='bbox 624 2900 758 2977; x_wconf 81' lang='lat' dir='ltr'><strong>Penieya</strong></span> <span class='ocrx_word' id='word_1_204' title='bbox 778 2906 885 2976; x_wconf 76' lang='lat' dir='ltr'><strong>mater,</strong></span> <span class='ocrx_word' id='word_1_205' title='bbox 911 2933 913 2936; x_wconf 95' lang='lat'>·</span> 
     </span>
     <span class='ocr_line' id='line_1_32' title="bbox 145 2987 1093 3065; baseline 0.002 -18"><span class='ocrx_word' id='word_1_206' title='bbox 145 2987 220 3047; x_wconf 81' lang='lat' dir='ltr'><strong>Oum</strong></span> <span class='ocrx_word' id='word_1_207' title='bbox 243 2992 335 3065; x_wconf 78' lang='lat' dir='ltr'><strong>capul</strong></span> <span class='ocrx_word' id='word_1_208' title='bbox 358 2990 505 3063; x_wconf 82' lang='lat' dir='ltr'><strong>avulsum,</strong></span> <span class='ocrx_word' id='word_1_209' title='bbox 529 3008 596 3048; x_wconf 89' lang='lat' dir='ltr'><strong>cum</strong></span> <span class='ocrx_word' id='word_1_210' title='bbox 618 2989 742 3049; x_wconf 88' lang='lat' dir='ltr'><strong>brachia</strong></span> <span class='ocrx_word' id='word_1_211' title='bbox 764 2993 870 3049; x_wconf 75' lang='lat' dir='ltr'><strong>trunca</strong></span> <span class='ocrx_word' id='word_1_212' title='bbox 893 2992 1009 3049; x_wconf 72' lang='lat' dir='ltr'><strong>videret</strong></span> <span class='ocrx_word' id='word_1_213' title='bbox 1047 3010 1050 3014; x_wconf 73' lang='grc'><em>’</em></span> <span class='ocrx_word' id='word_1_214' title='bbox 1090 3014 1093 3021; x_wconf 66' lang='grc'><em>“</em></span> 
     </span>
     <span class='ocr_line' id='line_1_33' title="bbox 145 3076 901 3155; baseline 0.005 -20"><span class='ocrx_word' id='word_1_215' title='bbox 145 3076 356 3155; x_wconf 81' lang='lat' dir='ltr'><strong>Sanguineque</strong></span> <span class='ocrx_word' id='word_1_216' title='bbox 379 3096 514 3154; x_wconf 84' lang='lat' dir='ltr'><strong>aspersos</strong></span> <span class='ocrx_word' id='word_1_217' title='bbox 537 3080 603 3138; x_wconf 79' lang='lat' dir='ltr'><strong>nati</strong></span> <span class='ocrx_word' id='word_1_218' title='bbox 625 3079 787 3138; x_wconf 79' lang='lat' dir='ltr'><strong>crudeliter</strong></span> <span class='ocrx_word' id='word_1_219' title='bbox 809 3082 901 3153; x_wconf 71' lang='lat' dir='ltr'><strong>arius,</strong></span> 
     </span>
    </p>

    <p class='ocr_par' dir='ltr' id='par_1_11' title="bbox 3 3164 986 3251">
     <span class='ocr_line' id='line_1_34' title="bbox 3 3164 986 3251; baseline 0.002 -26"><span class='ocrx_word' id='word_1_220' title='bbox 3 3244 4 3251; x_wconf 8' lang='grc' dir='ltr'>ἵ</span> <span class='ocrx_word' id='word_1_221' title='bbox 94 3186 130 3225; x_wconf 79' lang='lat' dir='ltr'><strong>scs</strong></span> <span class='ocrx_word' id='word_1_222' title='bbox 143 3164 207 3225; x_wconf 79' lang='lat' dir='ltr'><strong>Au&#39;a</strong></span> <span class='ocrx_word' id='word_1_223' title='bbox 229 3166 281 3233; x_wconf 84' lang='lat' dir='ltr'><strong>ubi</strong></span> <span class='ocrx_word' id='word_1_224' title='bbox 304 3186 372 3227; x_wconf 89' lang='lat' dir='ltr'><strong>cum</strong></span> <span class='ocrx_word' id='word_1_225' title='bbox 393 3168 518 3245; x_wconf 83' lang='lat' dir='ltr'><strong>pelagus</strong></span> <span class='ocrx_word' id='word_1_226' title='bbox 541 3168 668 3226; x_wconf 79' lang='lat' dir='ltr'><strong>volitare</strong></span> <span class='ocrx_word' id='word_1_227' title='bbox 692 3167 731 3227; x_wconf 88' lang='lat' dir='ltr'><strong>ad</strong></span> <span class='ocrx_word' id='word_1_228' title='bbox 753 3167 857 3227; x_wconf 78' lang='lat' dir='ltr'><strong>littera</strong></span> <span class='ocrx_word' id='word_1_229' title='bbox 880 3186 986 3245; x_wconf 86' lang='lat' dir='ltr'><strong>cerpus</strong></span> 
     </span>
    </p>
   </div>
   <div class='ocr_carea' id='block_1_5' title="bbox 143 3253 1180 3333">
    <p class='ocr_par' dir='ltr' id='par_1_12' title="bbox 143 3253 1180 3333">
     <span class='ocr_line' id='line_1_35' title="bbox 143 3253 1180 3333; baseline 0.003 -20"><span class='ocrx_word' id='word_1_230' title='bbox 143 3253 331 3330; x_wconf 81' lang='lat' dir='ltr'><strong>Prospicerei</strong></span> <span class='ocrx_word' id='word_1_231' title='bbox 353 3255 486 3316; x_wconf 88' lang='lat' dir='ltr'><strong>Pclidori</strong></span> <span class='ocrx_word' id='word_1_232' title='bbox 509 3256 699 3333; x_wconf 83' lang='lat' dir='ltr'><strong>animamque</strong></span> <span class='ocrx_word' id='word_1_233' title='bbox 716 3256 856 3316; x_wconf 57' lang='lat' dir='ltr'><strong>&gt;hauriret</strong></span> <span class='ocrx_word' id='word_1_234' title='bbox 878 3260 910 3317; x_wconf 89' lang='lat' dir='ltr'><strong>in</strong></span> <span class='ocrx_word' id='word_1_235' title='bbox 932 3259 1020 3317; x_wconf 85' lang='lat' dir='ltr'><strong>undis</strong></span> <span class='ocrx_word' id='word_1_236' title='bbox 1123 3299 1126 3305; x_wconf 75' lang='lat'><strong>,</strong></span> <span class='ocrx_word' id='word_1_237' title='bbox 1176 3300 1180 3305; x_wconf 83' lang='lat'><em>-</em></span> 
     </span>
    </p>
   </div>
   <div class='ocr_carea' id='block_1_6' title="bbox 216 3462 1062 3602">
    <p class='ocr_par' dir='ltr' id='par_1_13' title="bbox 216 3462 1062 3602">
     <span class='ocr_line' id='line_1_36' title="bbox 269 3462 1016 3532; baseline 0.004 -18"><span class='ocrx_word' id='word_1_238' title='bbox 269 3462 463 3529; x_wconf 80' lang='lat' dir='ltr'><strong>amphiaraum</strong></span> <span class='ocrx_word' id='word_1_239' title='bbox 731 3480 819 3532; x_wconf 73' lang='lat' dir='ltr'><strong>aquae</strong></span> <span class='ocrx_word' id='word_1_240' title='bbox 922 3465 1016 3531; x_wconf 69' lang='lat' dir='ltr'><strong>peasa</strong></span> 
     </span>
     <span class='ocr_line' id='line_1_37' title="bbox 216 3532 1062 3602; baseline 0.002 -17"><span class='ocrx_word' id='word_1_241' title='bbox 216 3534 361 3585; x_wconf 71' lang='lat' dir='ltr'><strong>‘lssvalcm</strong></span> <span class='ocrx_word' id='word_1_242' title='bbox 476 3536 533 3601; x_wconf 71' lang='grc'>1193</span> <span class='ocrx_word' id='word_1_243' title='bbox 553 3532 708 3601; x_wconf 67' lang='lat' dir='ltr'><strong>Nunfl102</strong></span> <span class='ocrx_word' id='word_1_244' title='bbox 727 3537 838 3602; x_wconf 63' lang='lat' dir='ltr'><strong>meteri!</strong></span> <span class='ocrx_word' id='word_1_245' title='bbox 855 3540 905 3587; x_wconf 82' lang='lat'><strong>104</strong></span> <span class='ocrx_word' id='word_1_246' title='bbox 923 3534 985 3587; x_wconf 68' lang='lat' dir='ltr'><strong>nati</strong></span> <span class='ocrx_word' id='word_1_247' title='bbox 1058 3568 1062 3575; x_wconf 92' lang='lat'>·</span> 
     </span>
    </p>
   </div>
   <div class='ocr_carea' id='block_1_7' title="bbox 0 0 1336 3909">
    <p class='ocr_par' dir='ltr' id='par_1_14' title="bbox 0 0 1336 3909">
     <span class='ocr_line' id='line_1_38' title="bbox 0 0 1336 3909; baseline 0 0"><span class='ocrx_word' id='word_1_248' title='bbox 0 0 1336 3909; x_wconf 95' lang='lat' dir='ltr'><strong> </strong></span> 
     </span>
    </p>
   </div>
  </div>
 </body>
</html>
