2659 3909
278 238 326 291 DE
347 236 620 293 OONIVRATIONE
638 236 823 292 Personam
839 238 1021 296 omnesve
1108 242 1148 306 71

135 392 166 449 et
201 392 326 466 peccata
356 408 450 466 usque
482 391 522 450 ad
558 391 654 449 celum
690 391 817 465 olerent,
854 392 926 450 deus
964 394 1152 470 omnipotens

136 477 287 539 Christum
319 478 414 537 filium
446 498 532 539 suum
559 480 643 539 misit
664 481 697 538 in
719 482 831 539 terram
862 498 963 557 regem
994 501 1099 559 regum
1122 484 1154 540 et

135 568 288 627 dominum
319 568 437 642 mundi,
464 571 499 629 ut
529 569 717 627 illuminaret
743 572 846 646 gentos
873 570 905 627 in
928 572 979 629 via
1005 573 1152 646 veritatis,

135 676 170 717 ao
197 659 361 718 successive
391 676 505 717 cessare
533 659 606 718 fecit
637 657 803 717 Romanam
830 661 1010 735 potestatem
1038 664 1069 719 ot
1102 660 1152 720 de-

108 748 246 809 sstruxit
268 747 346 806 illud
367 748 527 823 imperium
550 747 626 822 eius,
649 750 686 806 ut
712 749 745 805 in
767 747 893 806 Daniele
917 767 1006 825 super
1028 767 1152 825 sompno

134 835 400 913 Nabughdonasor.
446 836 487 895 Et
509 839 544 895 ut
571 836 678 896 melius
710 837 876 914 intelligas,
909 837 1033 896 audiens
1060 838 1154 898 verba

134 926 228 1000 ipsius
251 925 401 998 Danielis,
424 925 576 999 advertas,
600 926 673 985 haec
696 927 774 985 sunt.
820 927 866 984 Tu
888 946 939 985 rex
962 926 1098 1002 videbas,
1121 930 1152 987 et

135 1032 201 1073 ecoe
224 1015 325 1073 statua
347 1032 407 1073 una
430 1014 565 1091 grandis,
589 1016 692 1074 statua
710 1016 764 1075 illa
782 1018 942 1093 magnast
963 1018 1066 1076 statua
1084 1017 1151 1076 sub·

134 1102 215 1161 limis
247 1103 348 1162 stabat
384 1105 488 1162 contra
514 1106 544 1162 te
578 1106 608 1161 et
642 1104 770 1163 intuitus
803 1105 866 1163 eius
899 1107 964 1163 erat
999 1105 1151 1165 terribilis.

94 1215 120 1254 ro
134 1191 232 1250 Huius
257 1194 375 1251 statuae
399 1194 490 1267 caput
513 1212 548 1251 ex
572 1211 644 1251 auro
668 1195 783 1269 optimo
811 1197 889 1267 orat,
918 1196 1023 1270 pectus
1051 1197 1151 1253 autem

135 1283 166 1339 et
194 1280 316 1339 brachia
346 1280 382 1339 de
413 1284 545 1358 argento,
576 1300 664 1357 porro
695 1285 799 1341 venter
818 1284 858 1341 ot
886 1283 1001 1342 femora
1031 1301 1066 1340 ex
1094 1303 1151 1357 ere,

134 1368 226 1428 tibiae
249 1372 349 1428 autem
381 1371 503 1444 ferreae,
536 1370 645 1446 pedum
678 1371 825 1446 quaedam
851 1390 922 1447 pars
950 1373 1016 1431 erat
1045 1372 1151 1447 ferrea,

134 1458 281 1532 quaedam
314 1461 414 1517 autem
445 1458 546 1517 fictilis
578 1459 744 1519 videbatur.
790 1455 949 1539 [Videbas]
972 1462 1027 1535 ita,
1059 1461 1152 1521 donec

134 1546 266 1607 abscisus
291 1551 337 1606 est
367 1547 445 1624 lapis
475 1547 511 1606 de
543 1552 645 1608 monte
677 1551 741 1608 sine
773 1549 911 1609 manibus
944 1552 975 1608 ot
1005 1553 1152 1625 percussit

95 1658 120 1698 ra
135 1638 266 1696 statuam
289 1639 322 1695 in
344 1637 469 1712 pedibus
494 1637 558 1697 eius
580 1638 685 1697 ferreis
709 1641 740 1697 et
761 1638 903 1697 fictilibus
922 1640 953 1697 et
976 1640 1152 1697 comminuit

135 1743 192 1784 eos.
239 1726 322 1785 Tunc
344 1728 474 1786 contrita
497 1730 567 1786 sunt
589 1728 704 1803 pariter
725 1729 846 1801 forrum,
873 1730 960 1801 testa,
984 1746 1023 1801 es,
1047 1747 1151 1805 argen-

133 1816 199 1873 tum
217 1817 248 1873 et
270 1834 376 1874 aurum
395 1818 426 1875 et
443 1816 564 1874 redacta
583 1817 669 1891 quasi
686 1819 719 1875 in
742 1817 878 1876 favillam
901 1816 1032 1875 aestivae
1056 1836 1152 1893 areae,

134 1922 210 1979 quae
239 1907 327 1981 rapta
355 1907 426 1963 sunt
455 1924 473 1962 a
505 1908 594 1964 vento
631 1906 790 1981 nullusque
820 1906 903 1965 locus
934 1908 1074 1965 inventus
1107 1910 1152 1965 est

134 1995 205 2052 eius.
251 1992 343 2068 Lapis
367 1995 466 2052 autem
486 1995 539 2069 qui
560 1996 708 2069 percussit
729 1998 861 2054 statuam
883 1996 980 2054 factus
999 1997 1045 2053 est
1065 2014 1151 2055 mons

93 2102 120 2143 ao
134 2099 260 2159 magnus
291 2084 321 2140 et
351 2082 490 2157 implevit
521 2085 691 2142 universam
723 2085 843 2143 terram,
888 2084 954 2143 Hoc
981 2087 1026 2143 est
1053 2103 1151 2161 somp-

133 2190 214 2245 num,
236 2171 517 2247 interpretationem
540 2191 658 2247 quoque
680 2173 743 2231 eius
766 2173 896 2232 dicemus
920 2191 1019 2232 coram
1037 2176 1068 2231 te
1086 2193 1151 2231 rex:

133 2261 168 2316 tu
190 2278 242 2317 rex
266 2278 372 2337 regum
395 2280 425 2320 es
449 2263 480 2318 et
506 2260 577 2320 deus
601 2261 658 2321 oeli
680 2281 805 2339 regnum
833 2265 864 2320 et
890 2262 1098 2321 fortitudinem
1121 2266 1152 2321 et

133 2349 292 2423 imperium
315 2351 345 2407 et
368 2349 497 2426 gloriam
519 2349 603 2409 dedit
624 2350 683 2409 tibi
705 2354 736 2409 ot
758 2353 860 2409 omnia
881 2351 914 2409 in
937 2351 1044 2426 quibus
1066 2352 1151 2410 habi·

133 2439 201 2495 tant
221 2436 277 2495 filii
299 2437 453 2497 hominum
472 2441 501 2497 et
524 2437 637 2499 bestiae
660 2439 727 2517 agri
748 2440 944 2515 volucresque
963 2440 1020 2499 celi
1039 2434 1148 2519 [dedit]

95 2546 120 2587 aa
135 2527 167 2583 in
190 2545 282 2585 manu
303 2529 358 2584 tua
381 2528 411 2585 et
433 2527 487 2586 sub
511 2527 626 2586 dicione
649 2531 703 2587 tua
726 2531 866 2588 universa
898 2531 1062 2588 constituit.
1105 2530 1151 2587 Tu

136 2633 166 2673 cs
190 2633 261 2693 orgo
286 2618 377 2691 caput
400 2635 534 2691 aureum,
558 2620 588 2675 et
605 2620 675 2693 post
692 2622 723 2677 to
747 2621 905 2696 consurget
923 2637 1050 2694 rognum
1068 2618 1151 2677 aliud

134 2706 233 2763 minus
254 2706 284 2762 te
304 2709 333 2764 et
356 2723 480 2783 regnum
504 2707 627 2764 tertium
651 2707 733 2765 aliud
756 2726 864 2781 ereum,
887 2707 967 2782 quod
989 2706 1151 2782 imperabit

133 2795 290 2852 universae
317 2796 424 2868 terrae,
448 2796 478 2852 et
505 2814 628 2873 regnum
658 2798 799 2871 quartum
826 2798 884 2855 erit
906 2795 992 2855 velut
1013 2798 1150 2854 ferreum.

206 3032 376 3087 tveritatis.
415 3032 452 3087 Et
469 3033 523 3089 hoo
550 3036 698 3089 nunciavit
715 3035 805 3089 Marie
832 3053 884 3105 per
909 3036 1041 3107 angelum
1068 3054 1151 3091 auum

13 3136 17 3155 .
134 3105 287 3160 dicentem:
308 3104 389 3159 dabit
406 3104 451 3159 illi
469 3105 599 3159 dominus
619 3106 687 3160 deua
707 3106 802 3162 aedem
820 3106 912 3161 David
934 3108 1024 3177 patris
1043 3107 1103 3161 eius
1122 3110 1152 3163 et

132 3177 266 3247 regnabit
282 3176 313 3229 in
341 3176 424 3231 domo
452 3176 539 3231 Jacob
567 3178 598 3231 in
625 3181 752 3233 eternum
775 3181 804 3233 et
830 3179 911 3249 regni
939 3179 999 3233 eius
1022 3180 1152 3235 nouerit

133 3248 197 3301 finio
216 3263 250 3301 ao
268 3264 377 3303 cessare
396 3248 465 3303 fecit
483 3249 639 3303 Romanam
657 3249 817 3319 potentiam
836 3252 873 3304 K.
892 3253 902 3319 ΙΙ
926 3256 944 3303 4
962 3252 1000 3305 od
1017 3267 1072 3305 ooo.
1092 3267 1150 3305 ces-

134 3335 208 3373 sare:
228 3320 325 3375 Eeecb.
346 3323 383 3373 37
400 3338 421 3375 c.
442 3321 470 3374 V
484 3320 514 3373 in
533 3335 620 3391 marg.
636 3323 676 3390 Ηὸ
695 3320 775 3374 illam
794 3323 831 3375 K.
854 3324 864 3387 ΙΙ
887 3328 911 3376 5.
928 3327 943 3374 6
963 3322 1072 3376 somnio
1090 3321 1150 3375 Na-

133 3388 331 3460 bugodonosor
354 3392 392 3445 K.
419 3394 429 3461 ΙΙ
457 3392 622 3446 tadvertas
650 3394 759 3447 attente
782 3394 820 3447 K.
857 3400 947 3447 textus
974 3395 1044 3448 eicie
1073 3394 1099 3447 V
1119 3394 1150 3446 in

133 3460 645 3601 erueturne
664 3466 776 3604 eus
792 3463 1032 3605 :simiel
1048 3469 1081 3588 e
1100 3464 1150 3590 u

134 3548 283 3674 l'llslllllp,
301 3550 373 3659 dlcat
389 3606 422 3657 ia
435 3574 478 3659 .Κ.
493 3607 502 3675 ΙΙ
517 3611 550 3659 27
570 3607 664 3661 minus
682 3578 712 3661 te
731 3610 897 3677 argenteum
921 3579 1000 3678 Valp.
