2659 3909
165 190 205 255 18
653 190 680 245 Π

161 341 305 417 Ausonio,
328 344 422 417 utque
445 344 541 401 omnis
564 341 644 402 bello
666 342 841 421 flagraverit
864 342 953 417 orbis,

161 431 353 508 Vulneraque
377 433 409 489 et
432 434 545 508 strages
569 430 698 491 Romani
719 432 874 511 sanguinis
898 434 994 493 ectasi

162 520 297 579 Exitium
321 519 400 595 quod
422 520 519 579 Romu
540 520 625 580 tulit!
650 520 827 581 Communis.
849 519 959 580 Oeeecr

162 608 233 667 Iuro
255 610 339 668 ferox
361 610 394 667 in
416 627 448 668 se
471 609 552 688 leges
575 612 607 668 ct
628 613 720 685 pecta
741 609 875 683 resolvit,

107 716 149 757 ccc
163 697 250 757 Solus
273 698 306 756 in
329 698 487 757 arbitrium
509 701 607 758 totum
631 698 688 758 sibi
712 699 839 759 contulit
862 699 970 758 orbem.

161 787 231 846 Mox
255 786 307 844 alii
331 789 421 862 etque
444 788 507 863 alii,
529 787 623 847 donec
645 788 836 848 volventibus
859 787 945 847 annis

161 876 220 936 Res
242 876 378 935 Romane
400 877 470 952 ruit,
492 876 625 936 macules
648 875 770 936 deduxit
793 876 887 936 uiriles

161 964 197 1023 In
220 964 336 1023 senium
358 983 483 1043 vergens
506 964 646 1041 tristique
669 984 704 1025 ec
727 985 818 1026 curve
840 968 958 1026 senecta

161 1052 282 1113 Decidit
304 1055 335 1113 et
357 1056 459 1114 tenues
482 1055 631 1130 poulctim
654 1054 771 1114 effluxit
791 1054 824 1114 in
846 1055 975 1114 umbros.

107 1162 147 1203 ccc
161 1143 214 1202 Nil
238 1142 311 1203 edeo
333 1143 453 1221 insigne
476 1148 530 1218 cst,
554 1143 634 1220 quod
656 1163 717 1204 non
740 1146 846 1204 exacte
867 1146 1003 1203 vetustas

161 1231 296 1291 Leeserit
318 1235 350 1291 ct
371 1232 455 1311 longi
476 1232 559 1293 lebes
582 1232 775 1293 madefecerit
797 1235 872 1292 aevi.

161 1321 240 1379 Tum
262 1321 379 1380 deserta
401 1321 452 1397 pio
474 1320 596 1381 tandem
619 1321 692 1381 dcte
713 1322 809 1382 Romo
831 1322 963 1398 purenti3

161 1409 309 1470 Redditur
331 1410 490 1486 imperium
514 1412 664 1485 ecclesiae,
688 1411 767 1487 quod
790 1410 902 1488 praede
924 1410 1056 1487 reliquit.

162 1498 221 1558 Hic
243 1500 295 1575 pic
316 1498 441 1559 libertos
463 1500 590 1559 meculis
614 1500 770 1559 servilibus
793 1518 901 1559 sevum

108 1608 149 1648 cro
162 1587 279 1662 Abluit,
301 1592 332 1647 et
355 1588 437 1647 cuelo
460 1588 575 1664 placuit
597 1589 734 1648 Romane
756 1607 899 1666 propago.

159 1676 233 1736 Inde
256 1675 328 1738 fides
351 1680 382 1736 et
404 1677 521 1755 relligio
545 1680 739 1753 sanctumque
761 1677 915 1753 piumque,

160 1766 311 1825 Incesture
333 1766 417 1825 nefas
439 1766 563 1844 ignique
586 1767 705 1826 adolere
728 1769 851 1843 penates

53 1920 55 1923 ,
160 1855 201 1914 Et
223 1856 364 1915 simulare
388 1854 458 1914 deos
481 1858 512 1914 et
533 1856 637 1915 inania
660 1856 784 1913 numine
806 1855 895 1914 credi.

160 1945 256 2003 Rome
279 1944 332 2003 diu
354 1942 515 2020 postquem
537 1947 622 2004 vario
646 1944 700 2004 sub
723 1944 860 2021 praesule
882 1944 966 2022 vixit,

106 2053 146 2094 ru
160 2033 294 2092 Diversis
318 2035 435 2111 agitatu
458 2035 518 2094 fuit
539 2054 594 2111 pcr
616 2034 736 2094 saecule
758 2034 838 2092 fetis,

161 2121 294 2181 Plurima
317 2141 396 2182 nunc
418 2124 543 2199 pollens,
565 2141 645 2182 nunc
669 2125 748 2183 sorte
770 2122 936 2183 involvitur
959 2122 1029 2194 ima,

160 2211 248 2271 Nunc
269 2213 374 2271 tremit
396 2214 427 2271 et
449 2212 552 2271 stabili
573 2212 699 2288 pedibus
721 2231 802 2271 nunc
823 2210 928 2271 robore
950 2209 1037 2269 firme
1059 2213 1113 2284 est,

159 2300 202 2359 Ut
226 2301 302 2360 solet
325 2304 391 2361 ctre
414 2300 476 2359 dies
500 2304 649 2361 commotu
671 2321 726 2377 per
751 2319 881 2378 aequora
903 2301 1015 2358 iactum

160 2389 338 2449 Disturbcre
360 2395 467 2465 retem,
489 2390 587 2449 ventis
610 2408 691 2449 nunc
714 2390 822 2448 obrute
844 2407 962 2449 sursum

105 2498 146 2539 rec
159 2479 248 2537 Nunc
270 2479 356 2552 redit,
378 2479 529 2538 interdum
553 2479 682 2554 scopulis
704 2477 835 2538 illiditur
857 2482 888 2537 et
909 2496 988 2537 nunc

160 2567 313 2627 Fluctibus
338 2570 473 2645 aequatis
497 2567 614 2627 stabilis
637 2568 772 2644 persistit
793 2567 825 2626 in
847 2566 943 2627 undis.

160 2655 339 2715 Pontificum
361 2658 503 2717 interris
527 2675 704 2733 quocunque
726 2658 913 2731 intempore
937 2655 1023 2715 fulsit

159 2744 291 2823 legibus
315 2749 384 2805 ente
408 2746 482 2805 alios
506 2748 603 2806 status
627 2750 656 2806 ct
679 2745 793 2821 pietate
815 2764 869 2821 per
892 2763 992 2804 omnes
1133 2780 1156 2814 0

158 2834 238 2893 Iuris
261 2835 356 2893 honor
378 2834 484 2910 veluit,
507 2834 558 2894 sed
580 2853 634 2895 nos
656 2834 780 2895 meliore
802 2838 926 2910 parente

105 2943 145 2984 res
160 2922 317 2983 Pontifices
340 2925 420 2983 inter
441 2924 578 2998 fruimur,
600 2925 759 2984 miseratus
782 2923 820 2982 eb
843 2924 905 2982 cltc

160 3010 254 3080 Quem
277 3015 364 3089 pater
386 3014 541 3073 aethereus
565 3015 716 3073 contraria
737 3013 804 3071 fote
825 3011 989 3088 rependens

159 3101 276 3160 Ductus
300 3120 401 3161 umore
425 3102 514 3177 dedit,
537 3104 637 3181 legum
661 3120 722 3178 quo
744 3101 878 3177 principe
902 3102 1006 3174 virtus,
1081 3113 1087 3125 ·

160 3189 225 3260 Quo
248 3192 413 3267 tranquille
436 3193 519 3269 quies
542 3192 648 3270 fulget,
673 3210 731 3267 quo
754 3208 872 3267 paxque
894 3189 1037 3265 piumque

159 3280 357 3357 Iustitioeque
379 3280 477 3356 decus,
501 3281 619 3357 qualem
642 3299 702 3339 non
725 3280 851 3356 pertulit
873 3283 957 3338 aetus

105 3390 145 3430 rec
159 3369 271 3429 Nostro
293 3388 347 3429 nec
370 3372 502 3447 antiquis
525 3372 626 3447 potuit
649 3370 782 3429 conferre
804 3369 947 3427 vetustas

231 3562 282 3612 467
302 3557 332 3611 in
351 3577 452 3630 mnrg.:
474 3558 597 3631 Quande
615 3559 693 3614 urbis
711 3565 807 3614 status.
