2659 3909
180 177 226 242 44
657 175 710 231 vn

674 328 702 385 6.

184 434 257 494 Sum
279 435 351 495 Pius
375 436 500 494 antistes
524 434 602 493 nulli
624 433 738 509 pietate
761 434 915 507 secundus,

228 524 307 583 Vera
330 524 379 583 dei
401 541 468 582 mea
491 524 532 583 sit
553 524 673 601 relligio
696 524 727 582 et
748 522 854 599 pietas.

677 703 722 759 7‚.

181 808 346 884 Impenium
369 807 565 883 quodcunque
589 810 634 865 est
656 808 796 866 fortunae
819 809 865 867 est
886 807 1000 867 viribus
1022 807 1131 884 impar,

226 898 295 956 Non
319 899 402 956 stant
424 899 569 972 perpetua
591 898 729 971 tempora
752 898 833 955 laeta
855 895 922 955 fide.
1224 880 1228 897 ¹

182 986 325 1045 Mortales
348 988 467 1044 tantum
489 987 587 1062 pietas
610 985 789 1045 caelestibus
813 989 924 1061 aequat

228 1075 269 1134 Et
290 1076 366 1133 facit
388 1077 510 1133 aeterna
533 1076 710 1149 posteritate
732 1076 801 1133 fini.

156 1164 256 1223 eEsse
280 1163 334 1223 deo
357 1164 471 1240 pietate
494 1182 597 1240 parem
619 1164 676 1222 tibi
698 1162 813 1223 tradita
835 1165 941 1237 virtus,

227 1252 314 1322 Quod
336 1252 394 1311 tibi
417 1271 570 1311 commune
594 1255 648 1326 est,
671 1255 858 1325 uterelmore
881 1252 937 1312 dei.

679 1432 708 1489 8.

186 1537 258 1596 Sum
281 1537 353 1597 Pius
377 1536 502 1596 antistes
525 1536 601 1595 nulli
623 1538 737 1612 pietate
761 1536 920 1596 secundus:

229 1626 404 1686 Pontificem
426 1626 546 1701 populis
569 1625 630 1683 iam
654 1625 739 1685 decet
762 1643 826 1684 esse
848 1627 941 1701 pium.

680 1806 709 1862 9.

184 1911 265 1971 Pone
287 1914 414 1970 metum:
437 1913 498 1970 iam
521 1910 617 1970 Roma
640 1929 718 1970 novo
742 1910 796 1969 snb
819 1912 955 1987 principe
978 1911 1087 1989 gaude,

230 1997 334 2060 Omnis
358 2000 482 2060 odorato
505 2000 605 2059 luceat
627 2000 697 2077 igne
721 1999 834 2059 domus.

185 2089 267 2148 Dum
289 2089 363 2149 Pius
386 2090 484 2149 Encas
508 2087 659 2164 Capitolia
683 2089 761 2147 celsa
783 2088 907 2164 fovebit,

190 2182 195 2195 ’
232 2178 314 2237 Tune
338 2180 395 2237 eris
418 2180 545 2255 imperio
567 2178 675 2237 florida
698 2177 795 2237 Roma
817 2180 878 2237 tuo.

160 2267 274 2327 cNunc
297 2270 388 2343 caput
411 2267 491 2328 orbis
516 2269 574 2326 eris
596 2266 761 2326 maioribus
785 2268 874 2325 aucta
896 2266 1067 2343 triumphia

231 2354 299 2414 Sint
321 2357 409 2416 modo
432 2356 568 2432 pontifici
590 2360 727 2432 tempora
749 2357 841 2433 longa
863 2354 926 2415 Pio.

585 2584 800 2593 ...——-—-—

659 2758 733 2825 VII.

339 2895 477 2950 oratius
498 2896 674 2951 Romanus
697 2894 758 2949 Pio
781 2893 818 2949 11
839 2895 934 2963 pont
958 2908 1049 2950 max.

188 3013 323 3075 Caesaris
346 3015 500 3094 Augustus
524 3016 639 3091 superis
663 3015 794 3074 sanavit
816 3013 953 3089 honores,

231 3103 396 3179 Postquam
418 3102 555 3164 victrices
578 3104 747 3162 conticuere
769 3101 868 3176 tubae,

189 3192 230 3252 Et
253 3192 360 3251 cecinit
383 3192 489 3270 dignas
512 3193 614 3251 divino
638 3192 769 3251 carmine
790 3192 904 3251 laudes.

232 3281 315 3340 Inter
338 3284 385 3339 tot
408 3299 493 3341 ouras
516 3283 551 3339 tu
573 3282 626 3340 Pie
650 3300 769 3341 carmen
791 3281 892 3356 hebes,

261 3473 308 3534 7‚1
327 3482 438 3521 vernum
455 3466 533 3537 leges
554 3469 687 3523 metricae
710 3469 864 3525 violantem
887 3470 1026 3540 corrigere
1045 3486 1102 3524 non
1120 3486 1205 3524 auena

190 3556 252 3593 eum
266 3541 275 3608 ll
289 3538 347 3592 VH.
367 3539 392 3592 A
410 3538 459 3593 fol.
475 3544 531 3593 31⁷.
550 3539 574 3593 Β
592 3540 641 3595 fol.
657 3546 714 3595 31'.
