2659 3909
179 236 222 301 62
529 236 638 290 PETRI
656 236 705 290 uu
725 236 832 291 sonis

179 407 271 463 quam
293 388 392 463 fuerit,
416 388 467 447 sed
490 388 577 448 homo
601 389 720 463 loquax,
742 390 776 446 in
799 389 883 465 quali
904 408 972 447 raro
996 388 1193 465 magnanimi·

177 480 225 536 tas
249 477 338 551 cadit,
365 496 419 536 neo
446 478 518 537 haec
545 477 778 554 magnanimitas
808 477 867 536 dici
894 477 1009 551 debeat,
1039 480 1195 537 6166166-

179 566 248 625 dam
262 598 306 607 —
325 567 474 626 convertit
490 566 522 623 in
545 568 707 625 femineum
726 567 873 625 timorem.
918 566 966 624 Ad
989 567 1195 625 mulierculam

179 657 257 713 enim
296 655 463 731 Stephanus
501 674 532 715 se
567 655 694 715 reduxit.
740 655 850 715 Vilitas
886 655 1020 733 66661161
1059 654 1196 713 Debebat

152 744 363 819 eStephanus,
393 746 418 804 si
441 745 649 821 magnanimus
677 763 759 803 more
786 747 839 802 tuo
862 745 981 818 fuisset,
1007 762 1061 820 per
1084 746 1194 803 amicos

179 851 296 892 currere
315 836 346 892 et
364 851 432 891 cum
447 834 549 891 amicis
573 833 748 891 circumiens
771 836 907 910 regiones
920 833 1002 893 urbis
1025 834 1195 892 clamando:

179 923 264 982 vivat
286 923 414 999 populus
438 925 468 981 61
495 922 631 981 libertas!
660 924 691 980 et
714 916 865 981 offerendo
892 922 1035 998 praedam
1062 922 1196 980 omnium

178 1010 324 1070 bonorum
346 1030 443 1088 papae
467 1013 498 1069 et
519 1011 730 1085 cardinalium,
760 1011 917 1069 canalium
940 1016 971 1069 et
997 1014 1196 1070 mercatorum

179 1102 324 1176 populum
347 1119 465 1159 movere
489 1103 518 1158 et
541 1101 650 1175 levare,
674 1118 779 1175 capere
804 1098 997 1175 Capitolium,
1021 1100 1101 1175 quod
1123 1103 1196 1158 tune

139 1210 165 1248 io
180 1189 216 1248 de
238 1189 322 1249 facili
344 1208 398 1265 per
429 1190 573 1265 populum
601 1190 669 1265 capi
700 1189 855 1264 potuisset,
888 1192 959 1265 quia
990 1191 1091 1265 parati
1121 1192 1196 1248 tuno

180 1298 239 1337 nou
264 1281 348 1337 erant
370 1278 402 1336 in
425 1278 496 1337 urbe
519 1278 634 1354 pedites
658 1279 892 1355 quinquaginta,
921 1278 1027 1337 deinde
1050 1278 1089 1337 ad
1112 1278 1195 1355 pala·

179 1367 257 1425 tium
275 1386 372 1443 papae
391 1385 508 1425 currere
527 1370 557 1425 61
576 1386 643 1425 cum
666 1367 818 1427 securibus
840 1370 944 1443 portas
963 1368 1026 1426 eius
1049 1369 1194 1444 frangere.

179 1457 247 1514 Nox
270 1459 316 1515 est
337 1456 438 1533 longa,
470 1457 566 1514 multa
593 1456 658 1515 fieri
689 1458 830 1531 poteraut
857 1476 917 1515 una
946 1460 1041 1515 nocte.
1087 1456 1196 1514 Dicens

180 1545 254 1604 haec
276 1548 433 1619 tremescO,
460 1546 594 1621 profecto
622 1546 708 1604 credo
735 1544 853 1620 plebem
880 1546 1010 1604 faciliter
1037 1547 1196 1604 assensisse

140 1657 165 1697 15
180 1635 345 1710 cupiditate
368 1634 510 1710 praedae,
533 1635 568 1692 de
592 1637 679 1693 nocte
702 1636 843 1708 maxime,
867 1653 942 1709 quae
965 1654 1082 1710 semper
1104 1634 1195 1692 auda-

181 1724 258 1781 ciam
281 1723 520 1799 delinquentibus
544 1723 625 1782 facit.
671 1723 707 1781 Iu
730 1741 820 1799 capsa
843 1741 874 1781 se
901 1726 1070 1799 posuit-
1093 1723 1196 1782 vilitas

180 1813 288 1871 maior!
302 1812 452 1871 Potuisset
466 1814 546 1871 exire
560 1811 682 1871 domum
695 1831 749 1887 per
761 1814 843 1871 tecta
856 1814 889 1870 in
902 1815 983 1871 tecta
991 1813 1100 1872 vicina.
1128 1812 1195 1871 Nox

181 1904 245 1960 erat
269 1904 299 1960 et
322 1904 497 1975 quaerentes
521 1921 555 1959 ex
578 1900 686 1978 vigilia
703 1901 764 1959 iam
782 1901 862 1960 lassi.
909 1901 1063 1961 Evasisset
1085 1900 1196 1976 quippe

180 1990 264 2065 liber,
287 1992 399 2066 postea,
422 1992 454 2049 iu
477 1990 548 2049 urbe
573 1993 643 2049 sunt
665 1992 713 2048 tot
736 1989 852 2049 edificia
875 1991 983 2066 diruta,
1012 1992 1060 2049 tot
1082 1991 1196 2063 vineae,

140 2102 166 2141 ao
180 2081 227 2137 tot
249 2082 347 2137 turres
374 2081 406 2137 iu
439 2079 544 2154 muris,
576 2098 678 2138 secure
707 2079 858 2138 latitasset
889 2082 921 2138 in
948 2080 1021 2138 urbe
1053 2099 1107 2154 per
1134 2079 1196 2138 dies

180 2169 288 2244 plures.
336 2168 392 2225 Sed
421 2170 561 2227 confusus
589 2169 648 2227 fuit
674 2168 785 2227 iudicio
813 2169 868 2227 dei.
916 2168 1020 2243 Crede,
1053 2167 1196 2226 terribilis

181 2257 252 2317 deus
279 2259 311 2316 in
335 2258 466 2316 consiliis
488 2276 579 2333 super
604 2256 683 2316 filios
714 2257 876 2315 hominum.
922 2258 963 2315 Et
984 2257 1037 2315 ille
1061 2255 1196 2315 Clemens

180 2366 239 2405 non
276 2347 412 2423 cogitans
444 2365 536 2422 quam
568 2366 659 2423 grave
683 2348 723 2405 sit
755 2348 866 2404 crimen
888 2347 986 2405 laesae
1020 2348 1196 2420 maiestatis,

181 2436 272 2494 etiam
296 2453 326 2494 se
355 2436 478 2510 perinde
503 2454 537 2494 ac
566 2436 593 2496 si
615 2454 650 2494 ex
678 2454 745 2494 aere
773 2436 872 2494 alieno
896 2435 935 2494 ad
961 2435 1106 2495 iudicium
1129 2454 1197 2494 evo-

141 2546 167 2586 66
183 2524 293 2583 candus
326 2528 411 2600 esset,
444 2525 564 2584 credens
589 2543 618 2582 se
652 2543 790 2583 excusare
813 2544 867 2599 per
897 2525 1010 2583 febrem
1041 2525 1143 2600 posuit
1164 2527 1197 2581 in

181 2614 268 2672 16616.
314 2612 386 2682 Quis
413 2632 518 2673 caecus
550 2633 609 2672 non
632 2613 716 2673 videt
742 2613 815 2671 haec
842 2631 905 2671 esse
928 2632 962 2671 ex
993 2613 1104 2672 iudicio
1128 2612 1198 2671 dei?

181 2704 343 2777 Nunquam
367 2700 469 2762 audivi
492 2704 630 2779 aliquam,
654 2704 708 2778 qui
729 2702 852 2784 molitus
870 2702 963 2761 faerit
981 2704 1085 2761 contra
1106 2702 1196 2760 66616·

182 2793 257 2851 siam
279 2790 460 2866 Romanam,
486 2792 561 2851 bene
588 2792 688 2865 finire,
716 2796 746 2850 et
768 2791 841 2849 deus
872 2791 1051 2850 mirabiliter
1082 2809 1198 2867 semper

181 2881 270 2956 punit
302 2880 454 2941 ecclesiam
486 2885 704 2957 persequentes.
749 2878 908 2938 Praeterea
938 2880 1012 2939 haec
1040 2898 1101 2937 non
1132 2882 1198 2938 erat

141 2991 168 3031 ao
181 2971 421 3047 magnanimitas.
468 2970 677 3049 Magnanimus
702 2970 780 3027 enim
804 2971 861 3042 est,
895 2971 947 3043 qui
977 2967 1198 3027 rationabiliter

255 3110 268 3157 1
289 3121 433 3171 nunquam
450 3120 581 3174 magnau.
601 3105 634 3158 K
644 3105 684 3171 ΙΙ4
704 3102 779 3157 enim
798 3101 977 3171 (1666111116
996 3101 1123 3155 61166666
1143 3103 1173 3156 V.
1188 3104 1197 3170 ΙΙ
1313 3114 1318 3117 ’

183 3180 291 3245 Spape
320 3175 508 3229 cardinalium
531 3177 568 3229 K.
605 3177 614 3244 11
652 3173 824 3243 tpopulum
838 3204 872 3213 -
886 3173 979 3228 levare
1007 3176 1105 3228 desunt
1131 3173 1169 3227 K.
1189 3176 1198 3243 11

184 3252 217 3299 14
236 3246 359 3300 faciliter
377 3249 448 3301 deest
466 3247 503 3299 K.
518 3249 527 3316 t
549 3252 582 3301 18
601 3246 671 3299 16661
689 3247 727 3299 K.
742 3247 751 3315 [1
771 3250 802 3297 19
823 3244 930 3298 dirmta
955 3245 987 3298 V.
1005 3247 1015 3314 ΙΙ
1034 3250 1067 3297 20
1087 3260 1198 3299 securre

181 3317 316 3371 1111166661
336 3318 371 3371 K.
387 3322 395 3387 t
417 3324 449 3371 22
469 3316 535 3370 filiis
555 3318 593 3372 K.
613 3317 647 3372 cf.
667 3316 769 3370 Psalm.
789 3320 866 3382 65,o.
882 3319 939 3385 1123
957 3316 1021 3385 lege
1041 3317 1074 3370 K
1088 3315 1146 3371 1666
1167 3317 1197 3384 V,

182 3390 232 3443 ubi
250 3390 280 3442 iu
298 3405 400 3457 marg:
420 3391 544 3457 quisquis
562 3406 584 3442 c.
604 3390 746 3443 6611161.
766 3386 849 3443 maie.
868 3391 878 3457 t
901 3392 934 3441 24
954 3404 1002 3441 ore
1020 3389 1053 3443 K
1070 3404 1116 3442 erc
1140 3389 1169 3442 V.
1189 3390 1199 3459 t

183 3468 216 3513 25
235 3460 331 3530 posuit
349 3476 378 3513 66
398 3462 435 3515 K.
473 3462 511 3513 661
528 3477 616 3514 vocem
643 3458 764 3513 febrem:
793 3460 810 3513 1.
825 3460 898 3531 115
922 3461 1010 3529 siquis
1036 3461 1140 3515 iudicio
1166 3461 1196 3526 ff.

181 3532 270 3613 siquis
287 3533 378 3585 cautio
403 3532 429 3585 V
450 3530 480 3583 in
498 3547 587 3601 marg.
615 3533 624 3599 t
651 3536 685 3585 29
704 3534 905 3601 prosequentes
925 3532 962 3586 K.
985 3535 994 3602 l
1018 3536 1052 3585 30
1070 3531 1197 3586 raciona-

182 3601 252 3655 b1lra
271 3602 367 3671 palam
386 3603 423 3655 K.
