2659 3909
204 174 247 238 26
695 173 722 228 Π

148 346 188 388 res
202 325 318 384 Horum
341 343 396 403 ego
418 326 481 384 iam
503 324 625 384 memini
649 324 800 400 quondam
823 326 975 386 attrivisse
998 328 1122 401 furores,

202 414 379 473 Barbaricas
403 413 522 489 quando
546 414 656 473 domui.
702 414 783 473 Num
805 415 882 474 forte
906 415 1029 475 sinistra

202 504 338 564 Victores
361 504 472 563 nostris
495 502 600 579 opibus
623 504 781 579 potiuntur
804 508 835 562 et
857 502 951 563 urbe?

203 592 303 652 Effera
325 610 398 670 gens
421 593 547 651 nimium
569 594 602 651 in
624 594 728 651 luxum
750 596 780 651 te
804 592 900 651 Roma
923 593 1052 671 subegit,

202 682 299 751 Quam
321 683 432 740 totiens
455 681 549 741 tantis
572 684 704 757 protexit
727 682 764 740 ab
787 681 923 741 hostibus
936 682 1051 761 ‘ingens

148 791 187 831 rao
202 770 376 846 Scipiadum
397 772 504 844 virtus,
528 773 605 829 acies
628 770 680 830 ubi
703 772 831 830 Martius
855 771 943 830 ardor

200 860 347 919 Fulminis
370 860 402 918 in
424 878 537 919 morem
559 861 632 919 totis
656 859 799 920 asciverit
820 860 888 919 oris.

200 948 248 1007 En
270 950 340 1008 hinc
363 950 430 1024 quis
453 947 617 1024 strepitus?
641 950 751 1008 cursim
774 949 935 1009 adventare
958 952 1076 1028 togatos

199 1036 353 1114 Prospicio
376 1038 533 1113 verbisque
556 1039 639 1114 loqui
662 1040 798 1113 nutuque
820 1038 932 1099 latinis.

199 1126 243 1185 Hi
264 1146 338 1186 num
360 1126 498 1187 Romulei
520 1125 678 1203 proceres?
699 1128 773 1186 haec
795 1127 906 1186 Martia
929 1130 1048 1188 nostrae

145 1235 185 1276 ras
200 1215 311 1274 Militia
335 1219 380 1275 est
402 1214 506 1275 urbis?
529 1220 689 1276 senatusue
711 1217 760 1275 hic
782 1217 860 1276 forte
883 1215 1026 1276 senatus?

199 1304 381 1365 Frondeutes
404 1305 531 1364 hederae
554 1308 584 1364 et
607 1309 708 1381 postas
731 1305 783 1363 ubi
805 1306 908 1376 laurus
932 1306 1098 1379 obumbrat

198 1394 262 1454 Hos
285 1393 372 1453 video
395 1393 503 1453 nimias
527 1394 641 1473 agitare
665 1394 697 1452 in
720 1394 819 1471 iurgia
841 1398 928 1454 vires.

198 1483 264 1542 Iam
288 1483 361 1543 satis
383 1483 452 1542 hoc:
475 1482 566 1542 rediit
588 1485 695 1558 virtus,
717 1486 896 1559 nostraeque
919 1487 1041 1559 peracta
1064 1488 1110 1543 est

200 1572 273 1647 Spes
295 1572 460 1649 longinqua
482 1574 559 1632 viae.
604 1572 745 1633 Poteram
766 1573 949 1648 requiescere
973 1574 1080 1631 saltem

143 1681 184 1721 roo
199 1661 297 1720 Tutus
321 1661 400 1737 apud
423 1680 534 1735 manes,
558 1664 700 1744 animum¹
715 1662 834 1737 quando
857 1662 961 1721 irritus
983 1662 1071 1720 hausi

198 1749 369 1826 Exuperare
391 1749 522 1809 Erebum
544 1769 704 1827 rursusque
728 1751 766 1808 ad
789 1752 854 1809 fata
876 1753 994 1810 reverti.

197 1839 377 1916 Indignatur
399 1839 496 1899 adhuc
519 1842 640 1898 externa
664 1859 682 1898 a
704 1840 773 1899 sede
795 1840 945 1915 profectos

197 1928 355 2003 Aspexisse
378 1930 458 1988 viros
481 1928 565 1987 urbis
589 1928 737 1988 connubia
759 1928 853 2007 fungi,

198 2017 281 2086 Quae
303 2017 414 2077 totiens
436 2036 520 2095 regas
542 2019 604 2076 iam
627 2017 789 2095 dedignata
811 2018 944 2077 maritos.

142 2126 183 2167 aas
199 2105 341 2166 Conscius
364 2106 413 2165 hic
437 2107 527 2166 solita
550 2108 686 2166 veterum
708 2108 820 2166 virtute
843 2107 972 2165 minores

197 2196 399 2273 Degenerasse
422 2196 504 2255 dolet
525 2195 663 2271 viresque
686 2198 718 2253 in
741 2196 877 2255 sordibus
901 2214 1001 2255 omnes

197 2284 331 2345 Effluxas
354 2284 437 2344 Latii
460 2285 630 2343 attentum
655 2302 808 2359 superesse
831 2287 948 2344 ruinas

196 2373 295 2433 Larus
317 2374 403 2432 humi
425 2374 556 2433 residens
580 2392 669 2431 auras
692 2372 834 2448 captabat
857 2375 961 2448 aperto

196 2462 319 2522 Pectore
343 2466 373 2522 et
396 2463 509 2522 afflicto
532 2462 626 2520 flabat
649 2464 779 2538 suspiria
802 2463 899 2536 corde,

142 2573 182 2613 ero
196 2552 260 2610 Nec
281 2553 420 2611 lacrimas
443 2555 564 2611 tenuere
587 2551 666 2611 oculi
690 2551 845 2627 salsaeque
868 2571 921 2627 per
944 2554 1027 2610 artus

196 2642 279 2700 More
301 2642 379 2700 nivis
402 2643 508 2717 guttae
530 2640 640 2699 fluxere
663 2641 769 2699 ardore
792 2641 933 2716 liquatae.

196 2731 310 2789 Tantus
332 2728 445 2806 ubique
469 2729 554 2789 dolor
575 2729 777 2788 membrorum
799 2729 907 2788 robora
929 2731 1020 2804 laxat,

196 2818 413 2895 suspiransque
437 2838 542 2896 graves
566 2820 696 2895 erumpit
720 2819 757 2877 ab
781 2838 831 2878 ore
855 2820 1005 2895 querelas:

196 2905 220 2966 Ο
244 2910 352 2983 patria,
376 2926 394 2967 ο
417 2908 506 2967 tellus
530 2907 641 2982 divum,
663 2908 768 2967 domus
792 2908 856 2967 alta
879 2908 996 2977 Quirini

140 3016 181 3057 ars
194 2997 360 3073 imperiosa
382 2997 464 3071 viris,
486 2996 590 3055 mundi
613 2999 719 3075 regina
741 2996 859 3057 subacti

195 3087 356 3145 Terrarum
379 3087 509 3164 genitrix
532 3088 628 3146 omnis
652 3088 742 3145 simul
765 3087 893 3145 aetheris
918 3087 1017 3161 altrix,

195 3174 277 3244 Quae
301 3177 437 3253 genuisse
462 3175 531 3235 deos
554 3176 681 3250 potuisti
704 3180 735 3234 et
757 3176 868 3234 lumine
892 3176 1009 3234 caelum

193 3264 349 3324 Illustrare
371 3268 423 3324 tuo
447 3266 621 3341 superisque
644 3265 800 3323 extendere
822 3264 937 3338 laudes,

193 3353 259 3413 Iam
281 3354 399 3413 deserta
420 3356 513 3414 iaces:
537 3353 643 3413 cecidit
667 3355 753 3432 vigor
774 3353 826 3412 ille
851 3353 1012 3429 Quiritum,

196 3583 198 3587 .
265 3545 315 3595 201
335 3541 470 3598 harabum
