2659 3909
212 164 252 216 IV
618 161 826 216 PRAEFATIO

216 316 301 373 1453
326 314 458 372 carmine
481 314 625 373 nonnulle
648 332 666 371 o
690 332 721 372 se
745 316 910 390 composita
931 315 964 372 in
994 334 1146 391 unumque
1167 334 1226 374 cor-

214 404 370 479 pusculum
415 404 540 462 collecte
587 402 623 461 ed
665 402 787 461 Petrum
828 402 995 462 Lunensem
1040 406 1225 463 secretarium

214 491 412 568 apostolicum
443 492 526 550 misit
561 492 698 550 libellum
728 512 783 568 per
814 512 883 550 eum
913 494 946 551 in
982 511 1088 551 manus
1125 496 1226 553 summi

213 580 363 657 pontificis
395 583 555 641 venturum
588 598 650 639 esse
683 600 814 656 spernus.
869 580 914 639 De
946 600 1006 656 quo
1039 582 1148 655 codice,
1178 585 1228 657 qui

213 671 266 729 ubi
289 673 367 730 esset
388 670 520 745 periris
542 670 603 727 fere
627 670 747 729 soeculo
769 671 915 729 incertum
939 673 1017 744 eret,
1044 673 1148 746 paucis
1169 673 1226 729 iam

215 778 304 837 cgere
326 760 402 817 mihi
424 758 523 817 licent.
557 812 558 815 ,

282 848 408 907 Ioannes
433 846 581 907 Gerendus
604 847 728 907 Vossius
751 848 784 906 in
811 848 888 907 libro
912 850 1002 907 tertio
1033 850 1130 924 operis
1155 849 1231 923 quod
1272 859 1276 970 Ι

216 937 393 1013 conscripsit
415 936 451 995 de
474 938 625 996 historicis
648 935 766 996 Latinis
780 939 970 1013 -primum
991 939 1024 995 in
1047 938 1144 996 lucem
1165 958 1230 1012 pro-

215 1027 273 1085 diit
310 1045 388 1085 cuno
427 1026 511 1086 1627
546 1056 588 1065 -
621 1026 694 1083 haec
736 1026 810 1084 dicit
846 1019 905 1106 (ed.
928 1026 1023 1104 Lugd.
1047 1026 1114 1084 Bet.
1141 1027 1232 1101 1651,

215 1137 244 1191 p.
266 1107 358 1192 beli:
390 1115 483 1184 „Ferit
504 1115 608 1173 iisdern
639 1116 814 1189 temporibus
845 1114 969 1190 [enibns
1001 1114 1154 1175 Candidos
1175 1116 1232 1175 De-

214 1202 376 1279 cernbrins]
407 1204 554 1263 Horatius
585 1204 740 1263 Remonns
770 1206 839 1272 sice,
871 1210 905 1263 nt
926 1204 1021 1263 MSns
1054 1206 1114 1263 eod.
1143 1206 1233 1273 bcbet,
1275 1187 1277 1250 l

218 1294 339 1353 Orctins
370 1298 466 1367 poete.
512 1293 572 1352 Hic
593 1293 652 1351 iiie
685 1298 734 1360 est,
766 1296 818 1366 qni
848 1295 986 1366 precibus
1016 1313 1035 1352 a
1057 1293 1180 1353 Nicotcc
1209 1295 1236 1352 V

210 1385 350 1457 pontifice
373 1386 507 1442 enorctm
524 1384 644 1455 primns
662 1382 768 1441 Iliade
790 1383 914 1441 Homeri
942 1383 1094 1441 transtulit
1116 1382 1231 1441 Lctbee.

215 1474 301 1531 Ideni
318 1489 425 1545 pcernc
448 1472 576 1530 condidit
598 1472 683 1530 libris
705 1472 753 1538 II,
777 1474 825 1530 cni
851 1489 957 1529 nornen
979 1472 1131 1530 Porecric.
1177 1472 1234 1531 Est

215 1563 247 1620 id
288 1562 323 1619 de
364 1563 576 1634 conspiratione
615 1558 757 1633 Stephon
796 1560 932 1619 Pereorii
970 1562 1032 1619 sice
1068 1562 1232 1620 Porcii...

216 1650 374 1709 Dediecnit
395 1651 446 1709 boe
463 1666 570 1721 poeno
591 1642 654 1721 ipsi
675 1650 811 1721 pontifici
832 1649 963 1708 Nicolao.
1009 1650 1161 1721 Praefatio
1188 1668 1236 1722 pe-

214 1742 299 1799 rnine
323 1744 372 1806 est,
400 1756 494 1811 prosc
516 1756 579 1797 rnen
607 1742 656 1810 est,
690 1739 783 1797 nitere
806 1740 847 1797 cd
872 1740 1042 1811 pontificem
1074 1755 1161 1797 eersn
1183 1740 1237 1797 ete-

214 1831 306 1902 piceo.
351 1828 459 1886 Poernc
491 1830 588 1900 ipsnen
620 1828 661 1885 sic
697 1828 814 1899 incipit:
851 1821 1030 1905 [sequuntur
1061 1845 1112 1885 sex
1144 1829 1237 1903 primi

215 1936 318 1976 versus
342 1912 512 1991 Porcariae]

283 2006 386 2064 Etiam
419 2006 539 2079 depicnr
574 2005 704 2077 rdiqnit,
741 2008 826 2064 cnins
861 2006 962 2063 titntns
1000 2006 1097 2065 Venns
1134 2024 1236 2065 anreo.

217 2096 296 2153 Itern
319 2096 411 2154 etiarn
434 2095 473 2153 dd
500 2095 553 2153 Fr.
576 2093 719 2164 sfortiam
745 2096 847 2153 dncern
869 2094 1035 2153 Mediolani
1062 2113 1136 2168 qnae
1163 2098 1240 2154 inct-

212 2186 276 2257 pit:
297 2186 375 2242 Dice
397 2186 495 2242 cirnrn
517 2183 640 2257 tapsnrc
665 2215 707 2224 —

285 2272 415 2345 Scriptor
439 2278 480 2331 est
501 2289 561 2330 nen
590 2274 796 2346 aspernandus
822 2273 927 2346 plone,
959 2274 1010 2331 sed
1042 2275 1093 2344 qni
1124 2274 1242 2331 sordidi

217 2363 402 2435 ctipnontren
434 2364 533 2421 trehet
563 2363 600 2421 eb
632 2379 702 2419 ccco
725 2378 781 2435 qno
813 2364 893 2419 cinit.
939 2360 1016 2419 MSo
1049 2363 1111 2419 eins
1144 2362 1243 2420 codiee

217 2468 290 2509 nsns
312 2468 378 2509 snm
406 2468 440 2509 en
467 2451 533 2509 bibi.
557 2451 672 2509 doctiss.
696 2455 722 2509 et
751 2451 875 2509 orniciss.
908 2452 967 2508 ciri
990 2447 1065 2508 Arn.
1089 2451 1243 2509 Bncbellii

217 2543 249 2600 J.
271 2539 301 2599 O.
326 2540 538 2613 Uitrep'eetini.“
624 2534 634 2559 '

171 2645 173 2651 ·
286 2629 380 2698 Quem
402 2628 503 2689 Vossii
525 2629 625 2687 locum
647 2628 753 2687 afferre
776 2629 935 2702 scriptores
958 2630 1131 2704 posterioris
1156 2631 1243 2687 aetu-

216 2721 258 2778 tis
282 2719 365 2779 velut
388 2718 551 2793 Apostolus
576 2719 662 2790 Zeno,
685 2717 852 2788 Fabricius,
875 2717 1006 2791 Vahlen,
1030 2717 1246 2776 Tommosiuus

219 2809 293 2867 satis
324 2807 444 2881 habent,
475 2809 574 2882 ipsum
605 2824 676 2866 vero
709 2806 858 2865 Buchellii
889 2806 1019 2866 codicem
1051 2826 1137 2865 nemo
1171 2809 1248 2881 post

219 2898 362 2955 Vossiurn
384 2896 503 2955 videtur
530 2896 701 2971 inspexisse.
747 2895 843 2971 Atqui
866 2895 1002 2955 exstabat
1028 2896 1119 2954 codex
1142 2898 1248 2954 exsta-

220 2986 331 3061 batque
354 2988 386 3043 in
409 2985 537 3061 publicis
561 2984 763 3056 bibliothecis,
785 2986 916 3060 primum
938 2987 971 3043 in
998 2984 1148 3042 tabulario
1172 3003 1248 3058 pro-

219 3067 379 3155 vincioel),
411 3093 490 3133 nunc
521 3093 591 3134 vero
616 3075 649 3131 in
679 3072 861 3131 bibliothece
892 3074 1098 3132 universitatis
1121 3072 1249 3131 Rheno-

221 3165 422 3237 Trniectinee,
460 3165 508 3222 cui
544 3164 597 3239 qui
632 3165 751 3239 praeest
791 3163 918 3239 benigne
954 3162 1030 3220 mihi
1069 3164 1251 3221 transmisit
1287 3209 1290 3254 ἶ

292 3387 318 3453 1)
336 3386 399 3441 Vnu
428 3386 483 3438 den
510 3385 608 3441 levenc
634 3402 684 3439 ons
717 3385 811 3439 heren.
848 3383 909 3437 Een
940 3384 1094 3453 Rijmwork
1126 3384 1174 3437 uit
1212 3384 1252 3437 dc

219 3457 451 3511 Middeleeuwen.
488 3456 568 3511 Neon
593 3473 644 3511 een
663 3457 712 3510 Hs.
737 3457 788 3512 der
805 3455 857 3509 XV
884 3472 963 3509 eeuw
979 3457 1151 3527 nitgegeven
1173 3457 1253 3509 door
1290 3513 1291 3526 χ

221 3530 248 3583 Ρ.
269 3530 293 3583 J.
314 3528 529 3594 Vermeulen,
549 3528 668 3584 Utrecht
687 3533 765 3594 1843,
784 3546 812 3596 p.
827 3527 908 3582 XLH.
