2659 3909
185 154 207 221 6
685 158 721 211 11.

186 308 310 367 Faverit
333 310 364 365 et
387 307 452 367 diro
476 309 620 385 spirarint
643 309 768 368 numina
791 308 884 369 voto?

146 416 173 457 ro
187 396 330 455 Romanis
354 396 442 455 decor
463 416 541 457 unus
564 416 639 470 eras,
664 397 771 473 quibus
794 399 902 458 obruta
924 401 1021 458 virtus

187 486 285 544 Fulsit
308 487 339 544 et
362 489 500 545 externae
522 506 577 562 per
599 490 629 545 te
652 487 712 546 fuit
734 488 853 547 aemula
874 487 965 547 laudi

187 574 293 634 Nonne
318 574 391 633 satis
414 576 497 633 fama
519 575 642 635 celebris
665 576 801 653 nullique
823 576 952 635 secunda

187 662 339 723 Laudibus
363 667 452 723 aucta
473 663 535 723 tuis
559 664 664 724 domus
688 666 840 725 illustrata
862 666 1023 741 triumphis

187 751 299 825 Portis,
323 751 439 812 divinos
463 752 568 812 tulerit
589 753 661 813 licet
683 756 750 830 ipsa
774 753 921 815 Catones?
974 776 977 779 ’
1006 789 1008 792 -
1076 771 1078 774 ·

146 861 173 901 rs
189 840 317 901 Servitio
340 843 395 918 qui
418 844 447 901 te
471 860 653 919 quamquam
676 846 796 903 vetuere
818 846 920 919 potiri,
1062 863 1064 866 ’

186 930 255 989 Non
278 933 378 989 tamen
401 932 531 990 humano
554 932 700 990 scelerare
721 933 754 991 in
777 934 922 1011 sanguine
945 933 1065 1002 dextras

187 1018 331 1095 Exemplo
355 1019 481 1079 docuere
504 1038 558 1078 suo
581 1038 636 1079 nec
658 1040 792 1099 mergere
815 1021 903 1081 cives.

186 1108 274 1167 Nunc
296 1108 442 1167 inhonora
464 1108 571 1169 domus
592 1112 710 1185 patriae
732 1110 858 1169 illatura
881 1130 1008 1186 perenne
1066 1131 1069 1135 ⁴
1156 1129 1157 1132 ’

186 1196 321 1257 Dedecus
345 1200 375 1257 et
397 1198 499 1257 tristes
523 1201 645 1257 aeterne
668 1198 699 1256 in
723 1200 842 1260 saecula
864 1200 971 1259 luctus.

146 1305 173 1346 se
186 1286 255 1345 Non
279 1286 350 1345 solis
373 1286 472 1345 radios
495 1288 528 1345 in
550 1290 580 1346 te
604 1290 740 1364 spectare
763 1288 896 1348 cadentis

186 1375 246 1434 Fas
270 1376 327 1434 erit
350 1378 404 1433 aut
425 1376 528 1435 lunam
550 1379 672 1435 tenuem
693 1395 750 1436 nec
771 1377 876 1437 sideris
899 1378 1099 1437 aethram...
1117 1426 1123 1437 .

187 1463 368 1523 Umbrarum
382 1465 473 1525 sedes
497 1468 528 1524 et
549 1466 654 1543 nigrae
677 1467 781 1525 mortis
803 1468 913 1543 imago.
1143 1459 1146 1463 ’

187 1551 354 1612 Consilium
376 1554 533 1628 insulsum,
556 1573 623 1622 cum
645 1554 796 1614 libertatis
819 1556 859 1614 ad
879 1556 983 1623 urbem

188 1641 237 1701 Sic
260 1645 290 1700 te
313 1644 407 1701 traxit
430 1661 522 1717 arnor,
545 1644 642 1703 lueres
664 1646 701 1701 ut
722 1643 849 1703 crimina
870 1646 997 1703 tantum.

147 1748 173 1791 ss
187 1729 236 1788 Ah
260 1734 374 1806 quanto
397 1732 504 1792 melius
527 1732 628 1809 gelide
649 1732 708 1792 tibi
729 1733 806 1792 ferre
829 1733 885 1792 sub
908 1737 991 1792 arcto

188 1819 323 1877 Exilium
345 1822 467 1898 gravius
490 1822 539 1879 vel
561 1822 704 1881 honestae
728 1822 900 1881 occumbere
922 1824 1025 1880 morti!

187 1908 236 1967 Ad
259 1912 289 1968 te
312 1928 391 1969 nunc
413 1910 552 1969 lacrimas
577 1911 705 1969 coniunx
727 1910 893 1971 miserande
916 1911 1047 1984 revolvo,

189 1996 245 2056 sui
268 1998 402 2073 requiem
425 2001 456 2057 et
479 2017 598 2058 somnos
621 2002 712 2075 atque
735 2000 782 2058 his
804 2000 836 2057 in
858 1999 966 2061 finibus
990 1999 1056 2059 aevi

188 2084 258 2146 Otia
281 2086 412 2147 defessae
435 2088 522 2147 licuit
545 2107 664 2164 sperare
687 2092 831 2148 senectae.

60 2208 62 2211 ·
147 2196 174 2235 ro
187 2174 274 2234 Unde
298 2178 391 2235 animi
413 2178 446 2235 in
467 2177 584 2238 facinus
606 2180 726 2236 tentum
747 2178 832 2237 furor
854 2178 966 2253 impius
988 2175 1111 2236 hausit?

186 2264 253 2323 Iam
274 2284 382 2325 manus
404 2266 534 2325 imbellis
558 2268 700 2341 senioque
721 2268 880 2325 refrixerat
902 2266 999 2341 ardor,

187 2354 229 2411 Te
252 2357 343 2413 noctu
366 2356 548 2430 amplectens
571 2357 659 2431 potui
682 2357 792 2415 sentire
815 2355 889 2431 quid
911 2374 997 2415 esses.

187 2442 236 2499 An
259 2462 398 2520 superum
420 2444 568 2503 instinctu
590 2443 792 2519 mundumque
815 2444 987 2522 regentibus
1009 2447 1099 2505 astn's

189 2529 363 2593 Credideras
385 2534 508 2608 impune
531 2533 598 2592 tibi
610 2536 675 2591 tam
697 2551 787 2592 saeva
809 2532 899 2592 licere

147 2640 173 2681 es
187 2620 224 2679 In
247 2622 359 2681 scelere
382 2624 413 2680 et
435 2624 536 2697 patres
560 2622 621 2680 iam
645 2623 815 2697 conspirare
837 2621 1003 2683 verendos?

188 2709 261 2778 Quis
284 2712 315 2769 te
339 2712 440 2769 autem
462 2712 543 2769 sinat
565 2712 691 2787 imperio
715 2710 898 2787 sceptrisque
921 2710 1034 2788 potiri?

188 2799 230 2856 Tc
253 2816 343 2875 penes
367 2799 446 2858 orbis
469 2804 530 2873 eat,
551 2802 628 2858 nutu
650 2800 709 2859 tibi
730 2800 842 2859 militet
865 2802 969 2860 aether

187 2887 299 2962 Mitior,
323 2891 468 2963 aequatus
491 2888 553 2947 iam
576 2888 637 2948 iam
659 2908 753 2966 prope
777 2889 875 2949 sidera
897 2909 1015 2967 regnes:

188 2975 268 3044 Quid
290 2979 414 3052 poteras
435 2980 554 3053 optasse
578 2976 697 3056 magis?
720 2977 787 3037 Tibi
809 2979 897 3057 larga
918 2978 1059 3051 facultas,

149 3086 176 3127 ro
189 3064 299 3142 Ampla
323 3065 428 3125 (lomus
451 3068 566 3127 meritis
590 3070 621 3126 et
642 3069 710 3127 nati
733 3069 764 3126 et
785 3086 911 3126 munera
933 3070 964 3125 et
987 3086 1102 3142 aurum,

189 3153 308 3224 Quanta
332 3156 414 3214 valet
437 3157 581 3232 cuiusque
606 3158 725 3216 animus
748 3176 868 3232 sperare
891 3155 1026 3215 modesti,

188 3244 253 3303 lmo
273 3243 389 3323 ego'te,
413 3245 545 3321 quando.
557 3244 646 3305 fratri
667 3246 821 3305 malesana
843 3247 995 3319 timebam,

190 3528 223 3575 {5
259 3454 325 3577 Itrtofft
343 3470 367 3508 v.
383 3458 416 3507 51
449 3469 521 3506 unns
548 3451 593 3507 vel
624 3452 720 3522 plures
753 3468 847 3508 versus
878 3453 1010 3508 videntur
1041 3452 1206 3524 excidisse!

189 3544 205 3575 s
243 3538 260 3576 a
309 3540 325 3578 o
1104 3558 1108 3565 .
