2659 3909
525 210 709 266 PORCARIA

62 380 100 423 rso
113 362 254 437 Discutit,
276 362 345 421 inde
368 361 506 422 humeros
529 362 734 439 pallentiaque
757 381 809 422 ora
832 382 983 440 genasque

113 451 251 529 Detergit
272 450 420 525 manibus,
443 450 577 530 nigranti
600 452 756 530 aspergine
778 451 910 526 tinctos,

112 540 248 600 Ventilet
269 540 338 599 inde
361 539 461 616 pedes,
484 541 605 600 meliore
629 540 750 599 afflatus
771 541 804 599 in
828 559 902 600 aura

113 629 150 689 Se
173 629 256 689 videt
279 630 472 707 agnoscitque
495 629 629 689 homines
652 628 834 706 Latiumque
856 630 997 705 locosque

112 719 313 795 Tarpeiusque
336 719 441 795 procul
464 719 613 795 quondam
638 716 790 795 Capitolia
811 737 911 795 rupes,

60 826 98 867 us
111 808 189 868 Hinc
212 808 342 867 Tuscum
365 805 480 866 Tibrim
503 810 533 867 et
557 806 724 867 Carmentis
746 807 864 867 moenia
886 810 965 868 vatis

11 948 20 973 q
112 896 273 971 Fatidicae,
297 915 372 972 quae
396 915 456 955 non
480 896 586 955 cecinit
608 916 687 956 nova
709 900 843 955 casmeta
866 896 987 956 Romae.

16 980 19 982 ’
111 988 169 1044 Vix
191 985 318 1062 pedibus
341 986 570 1062 super-insistens
592 985 779 1062 pavidusque
801 987 949 1046 tremiscit

111 1074 243 1154 Virgulti
265 1074 298 1133 in
320 1094 442 1149 morem,
465 1074 557 1135 donec
579 1075 708 1152 vestigia
730 1076 840 1151 pressit

110 1164 231 1223 Fortius
254 1166 284 1223 et
306 1162 397 1222 robur
420 1164 540 1241 gracilis
564 1166 673 1223 natura
695 1165 817 1239 recepit.

59 1274 98 1313 1so
113 1250 203 1311 Ocior
224 1253 294 1331 igne
316 1252 398 1312 Iovis
421 1252 592 1329 rapidisque
617 1253 738 1312 citatior
760 1254 871 1312 austris

111 1342 245 1401 Emicuit
266 1340 377 1400 macies
400 1341 557 1417 pallorque
579 1344 702 1401 recessit
725 1341 762 1400 ab
786 1360 844 1400 ore.

112 1429 215 1507 Carpit
236 1430 296 1489 iter
317 1430 445 1507 validus,
467 1430 589 1489 tandem
612 1450 702 1506 super
724 1429 823 1490 astitit
844 1430 919 1489 urbi

110 1520 238 1578 Miratur
261 1538 380 1595 campos
402 1538 471 1578 raro
494 1521 677 1579 sterilescere
700 1521 793 1587 culm

110 1602 239 1667 Miratur
261 1610 364 1667 niveas
386 1608 513 1684 pecudes
537 1627 635 1667 errare
658 1628 713 1685 per
734 1626 822 1687 agros

57 1716 96 1757 1ss
110 1697 331 1773 Porcorumque
354 1716 459 1775 greges
481 1699 660 1774 patulosque
683 1698 715 1756 in
738 1716 849 1757 cornua
870 1701 973 1757 tauros

110 1788 151 1846 llt
174 1806 266 1865 genus
289 1805 375 1846 omne
398 1787 488 1846 simul
509 1806 657 1863 pecorum
681 1805 774 1865 genus
797 1805 883 1846 omne
905 1787 1046 1845 ferarum.

110 1876 259 1935 Disiectas
281 1876 351 1934 hinc
374 1876 443 1935 inde
466 1875 569 1936 domos
592 1878 786 1951 veterumque
808 1874 925 1935 labores

110 1964 249 2041 Undique
272 1966 427 2041 collapsos,
449 1966 562 2024 turrita
584 1964 701 2041 palatin
723 1965 883 2041 quondam,

109 2054 197 2113 Nunc
220 2056 351 2129 aequata
373 2054 446 2128 solo,
469 2052 541 2113 celsi
562 2053 681 2113 radiata
704 2052 820 2113 Colossi

56 2164 96 2204 rao
112 2142 250 2203 Culmina
273 2146 304 2203 et
325 2144 461 2221 ingentes
485 2161 559 2219 quas
582 2142 646 2219 ipse
670 2143 851 2202 instruxerat
874 2141 955 2202 aedis

110 2232 262 2292 Defecisse
285 2232 377 2307 videt,
401 2232 489 2291 simul
512 2236 543 2291 et
564 2231 691 2292 traxisse
713 2232 817 2290 ruinas

111 2321 237 2397 Templa
260 2321 356 2395 deum,
380 2322 491 2381 fractas
513 2321 584 2379 hinc
606 2320 676 2380 inde
699 2323 798 2381 astare
821 2321 982 2380 columnas.

109 2402 175 2469 Iam
198 2412 311 2487 spirare
335 2411 458 2486 animas,
480 2410 566 2470 vivas
588 2410 650 2469 iam
673 2409 795 2469 reddere
817 2428 903 2469 voces

110 2498 268 2559 Marmoris
291 2499 360 2558 hinc
383 2500 503 2573 formas,
526 2499 638 2575 passim
660 2500 720 2559 nisi
742 2499 839 2558 fracta
860 2498 992 2559 iacerent

56 2608 95 2648 irs
110 2588 253 2663 Membra,
276 2588 358 2647 videt
381 2591 574 2665 veterumque
597 2587 746 2647 animatas
769 2607 863 2663 paene
885 2587 1006 2666 figuras,

110 2676 191 2735 Ante
214 2676 412 2752 triumphales
434 2678 540 2737 titulos
563 2676 687 2737 virectis
709 2678 845 2751 honores,

109 2766 220 2825 Frusta
242 2766 417 2825 minutatim
439 2766 580 2825 torrenda
602 2768 634 2824 in
658 2766 738 2825 calce
761 2769 869 2841 parata

109 2854 241 2931 Ingemit
264 2858 294 2913 et
316 2854 404 2933 longe
426 2857 528 2914 vectos
552 2854 674 2913 aliunde
696 2854 821 2915 labores.

109 2942 289 3021 Progressus
312 2943 434 3002 tandem
456 2944 555 3003 media
577 2943 777 3019 proficiscitur
798 2944 871 3002 urbe

54 3052 95 3095 1eo
111 3031 298 3093 Collustrans
320 3033 390 3091 hinc
413 3032 482 3092 inde
506 3033 613 3107 oculis3
635 3034 754 3093 variare
776 3033 888 3111 figuras

46 3192 48 3199 Ι
108 3121 209 3197 Atque
232 3122 353 3181 habitus
375 3122 531 3181 hominum
554 3123 649 3181 cernit
671 3123 853 3197 paulumque
875 3124 1008 3181 moratus

108 3210 192 3270 Haec
215 3228 327 3271 secum:
351 3211 504 3281 Quaenam
527 3230 599 3289 gens
622 3211 696 3270 haec
718 3214 805 3269 tenus
827 3211 950 3289 inguine
972 3214 1073 3272 vestes

110 3299 192 3369 Quae
216 3301 294 3377 gerit
316 3302 346 3359 et
368 3300 494 3375 pedibus
517 3300 644 3359 nimium
666 3299 845 3378 gradiuntur
868 3303 964 3360 acutis

109 3388 283 3464 Villosoque
307 3407 406 3449 comas
428 3387 606 3449 umbrantur
629 3391 659 3450 et
683 3406 735 3447 ora
758 3387 879 3465 galero?

183 3580 233 3629 177
252 3574 367 3629 Frustra
