2659 3909
173 233 215 299 38
654 235 694 290 IV

133 404 157 443 rs
171 386 230 445 Pro
254 387 354 463 petria
376 386 524 463 spondent
546 387 750 466 pugnantibus
774 387 895 447 aethere
918 388 991 459 divi,

218 474 323 534 Oetere
345 479 414 535 sunt
437 477 551 537 meritis
574 476 719 535 inferiore
741 479 811 537 suis.

173 564 297 634 Quando
320 565 408 623 leude
431 565 528 643 magis
550 566 657 643 dignos
681 584 800 643 sperare
822 566 989 642 triumphos

215 653 279 712 Aut
301 653 414 729 poterit
435 656 532 715 virtus
555 657 753 731 promeruisse
776 652 893 733 magis?

170 742 256 801 Anne
281 743 374 801 elium
396 744 509 819 pateris
532 763 623 820 quum
645 748 677 802 te
700 744 771 802 dere
794 746 861 803 iure
884 743 1010 820 Latinis,

132 850 158 890 so
238 832 372 891 Alterius
396 832 508 893 domito
531 836 636 911 surget
658 836 694 891 ut
716 833 787 892 orbe
809 831 920 908 eaput?

173 918 205 978 Si
226 923 258 979 te
281 921 365 979 nulle
387 924 488 980 movet
509 925 663 981 tentorum
686 923 768 981 fame
790 922 936 995 laborum,

216 1009 258 1068 At
280 1010 397 1087 patriae
420 1012 517 1087 pietus
539 1015 570 1070 te
592 1012 762 1074 meminisse
785 1012 877 1070 iubet.

171 1098 335 1175 Imperium
357 1103 442 1159 tento
467 1103 637 1177 quaesitum
659 1103 804 1177 sunguine
827 1104 857 1159 et
881 1101 973 1159 ermis

216 1187 284 1246 Fiet
308 1187 417 1247 obt
369 1208 404 1247 ex
404 1191 497 1248 ternis
521 1189 632 1266 praede
654 1189 777 1249 ferenda
799 1189 888 1266 lupis.

132 1295 157 1335 re
171 1276 234 1334 Rex
257 1279 372 1335 tonet
362 1296 427 1353 rpse
450 1278 572 1338 lieetst
544 1281 732 1355 strepituque
755 1280 909 1339 exterritet
932 1277 1041 1353 orbem,

217 1366 373 1442 Diripiunt
395 1370 496 1427 tentes
519 1371 625 1427 ventus
649 1372 680 1426 et
702 1386 776 1426 oure
798 1370 904 1445 mines

172 1454 348 1533 Aregonum
371 1456 444 1531 quid
467 1459 565 1515 sooria
587 1458 676 1517 times
699 1456 906 1533 Venetumque
930 1456 1057 1532 colones,

216 1543 253 1601 In
277 1544 384 1620 quibus
409 1548 461 1604 sut
484 1546 584 1604 nullus
607 1547 656 1606 vel
678 1548 742 1605 sine
765 1546 862 1605 Morte
885 1542 986 1605 oolor?

172 1632 214 1690 Te
236 1636 364 1708 tentum,
386 1634 467 1692 houd
490 1634 565 1694 ulios
589 1635 753 1711 deposcunt
776 1634 873 1694 sidere
895 1653 1006 1712 regem,

132 1742 158 1782 eo
216 1722 282 1781 Hoe
305 1722 400 1783 Itelee
423 1726 526 1801 gentes
550 1727 580 1782 et
602 1726 654 1801 pie
677 1742 749 1782 eure
772 1723 868 1796 deum,
1152 1786 1155 1789 ,

172 1810 268 1869 Rome
291 1811 391 1886 etiem,
415 1814 550 1888 quemvis
574 1831 708 1872 moerens
730 1812 932 1872 reminiscitur
955 1830 1071 1887 eorum,
1142 1803 1144 1806 ’

217 1900 282 1969 Quo
305 1902 431 1959 nimium
454 1903 569 1976 superis
592 1904 658 1961 risu
682 1901 810 1977 superbe
833 1901 899 1959 fuit.

173 1989 257 2048 Tolle
279 2008 391 2049 moras:
416 1991 495 2050 ausis
518 1990 690 2068 ingentibus
714 1991 807 2049 ardua
829 1992 925 2049 virtus

217 2077 354 2137 Pneestet
377 2097 472 2155 opem,
495 2080 587 2139 fortes
611 2098 734 2154 sorsque
757 2079 888 2156 deusque
911 2080 1004 2139 iuvet.

132 2186 158 2227 ss
172 2166 252 2226 Ante
276 2168 353 2227 ecies
378 2170 444 2243 quis
467 2172 498 2227 te
520 2169 634 2243 tulerit,
657 2188 726 2228 eum
748 2168 875 2228 Martius
899 2168 988 2228 ardor
1073 2244 1075 2248 Ι

217 2255 344 2334 Ruperit
368 2261 437 2316 ente
459 2257 557 2333 tubes,
580 2276 648 2315 eum
671 2258 735 2317 feru
756 2258 836 2316 bello
859 2255 965 2316 debis?
1070 2253 1073 2256 ⁵

173 2346 271 2405 Vosne
294 2346 403 2420 hostes,
425 2346 498 2405 belli
521 2346 629 2424 fulgor,
652 2366 706 2405 ros
729 2347 836 2405 Mortis
859 2347 1013 2405 alumnum

217 2434 406 2494 Fulmineum
428 2435 539 2512 trepidi
562 2436 680 2495 stabitis
704 2439 772 2494 ente
795 2433 914 2495 virum?

172 2523 234 2582 Dot
256 2526 334 2584 vires
358 2524 478 2583 dextrae
501 2524 630 2600 Mavors,
654 2524 725 2583 dum
747 2526 977 2602 porrigitus
899 2526 986 2600 ictus,

132 2633 158 2672 so
218 2612 357 2688 Dumque
379 2616 492 2691 regitt
493 2633 603 2688 urmes,
624 2614 703 2673 fiere
725 2615 861 2673 Minerva
883 2616 973 2711 regit.¹

172 2698 230 2759 Ille
254 2702 342 2761 duoes
365 2702 444 2762 bello
468 2703 564 2763 eleros
588 2706 725 2805 ooiesque
748 2706 859 2777 tuetur,

216 2790 275 2849 Ille
297 2793 378 2851 viros
401 2792 493 2851 fortes
518 2794 774 2871 anguigerumque
797 2790 898 2871 genus.

173 2878 280 2939 Italiae
302 2881 412 2941 illust'
374 2884 429 2940 tris
453 2900 521 2941 oum
542 2884 573 2940 te
595 2882 723 2941 victorie
745 2900 847 2957 regem

218 2969 334 3029 Feoerit
357 2974 388 3029 et
409 2971 503 3030 tontis
525 2972 593 3029 iure
616 2970 700 3029 debis
723 2971 853 3046 populis,

132 3077 158 3118 es
172 3058 221 3116 Ad
244 3078 298 3118 sue
320 3061 459 3119 restitues
483 3060 599 3120 eoelum
622 3059 703 3136 quod
725 3062 872 3135 temperet
896 3078 981 3118 omne

216 3146 357 3223 Undique
381 3153 555 3224 quassatum
577 3148 748 3225 pontificale
770 3148 866 3207 decus.

173 3236 250 3295 Tum
272 3237 330 3295 tibi
352 3239 489 3297 victrices
513 3238 661 3297 ornabunt
684 3241 820 3312 temporo
841 3235 960 3297 frondes

217 3326 258 3383 ut
280 3327 409 3385 referent
431 3328 537 3387 titulos
560 3328 613 3385 ille
635 3327 684 3386 vel
706 3326 758 3383 ille
781 3328 856 3387 tuos.

173 3415 256 3475 Tune
280 3434 334 3493 ego
357 3419 387 3475 et
410 3418 564 3494 ingenium
587 3418 617 3474 et
640 3413 783 3490 quioquid
805 3433 872 3473 meu
894 3416 1027 3474 earmina
1054 3419 1189 3491 possunt,

133 3523 159 3563 so
216 3504 253 3562 In
275 3503 378 3565 leudes
401 3505 513 3565 Italum
537 3504 797 3580 Sfortigenumque
821 3503 906 3562 debo.

639 3601 724 3654 Finit.
