2659 3909
167 198 211 263 22
659 196 685 251 Π

126 370 153 411 se
166 348 301 423 Viderat,
324 353 358 409 ut
381 349 446 407 nati
468 348 553 407 111111
576 348 671 408 scelus
695 348 768 408 orba
791 350 925 409 senectus

167 439 344 514 Funeraque
368 440 399 496 et
421 436 497 497 tales
521 436 689 497 absolveret
712 456 763 497 ore
786 436 916 497 dolores:

168 526 281 587 Obvius
301 527 395 587 hosne
418 527 493 585 mihi
515 526 607 601 11111,
629 526 704 586 haec
726 525 837 605 gaudia
858 528 951 587 matri

167 618 246 676 Nate
269 617 361 675 refers
382 613 526 675 tandem?
549 615 656 675 Fossae
679 618 749 691 post
771 616 861 694 longa
884 618 1020 675 senectae

168 705 268 765 Exilia
290 705 401 764 haecne
424 702 529 780 quies?
554 703 696 773 Quotiens
719 708 880 780 noctesque
903 705 1024 780 diesque

129 814 155 855 eo
170 795 296 854 Errores
320 793 437 868 deflens,
461 813 498 853 11
522 794 588 869 quis
611 793 670 853 tibi
692 812 778 853 casus
802 794 927 867 obesset,

168 883 249 943 Vota
273 882 340 941 dedi
364 882 487 958 superis,
511 883 678 942 cumulatos
700 883 798 941 thuris
821 882 927 942 odores

170 973 264 1049 Saepe
286 971 345 1031 tuli
369 974 437 1031 ante
460 990 528 1031 aras
552 975 711 1031 exoratura
732 974 894 1032 tonantem.

169 1062 216 1120 En
239 1061 315 1121 caeli
337 1061 447 1137 pietasl
471 1059 520 1121 Sic
543 1062 573 1119 te
596 1060 680 1121 videt
702 1060 790 1120 1111111
812 1062 920 1120 meteri

170 1149 227 1219 Qui
250 1169 329 1209 nuno
352 1150 452 1227 fulgor
476 1168 540 1209 eras
564 1150 692 1226 populis,
716 1150 886 1226 spectacula
908 1150 1027 1226 pendes.

129 1260 155 1300 11
169 1240 237 1298 Heu
261 1239 398 1315 quotiens
421 1238 538 1315 patriae
560 1238 659 1298 luctus
684 1242 714 1297 et
737 1238 816 1298 bella
838 1240 957 1315 parenti

169 1330 248 1388 Nate
270 1327 433 1387 minabaris
456 1327 659 1404 populumque
681 1327 834 1387 involvere
856 1328 981 1404 praeda!

168 1418 256 1477 Nune
279 1436 335 1494 ego
358 1416 469 1493 praeda
492 1416 584 1475 feror!
607 1416 773 1476 Miseraene
795 1417 869 1476 haec
891 1435 1015 1476 munera
1038 1418 1130 1475 matri

169 1507 252 1566 Haec
274 1505 348 1564 mihi
371 1504 449 1564 dona
472 1506 574 1580 111111,
598 1510 628 1566 11
650 1525 744 1585 regna
767 1508 797 1565 et
819 1508 953 1581 praemia
974 1508 1045 1566 sunt
1068 1506 1151 1579 haec,

172 1595 255 1665 Quae
268 1594 352 1667 ι111111
375 1594 536 1672 pollicitus
560 1614 627 1654 curn
649 1594 776 1654 blandus
800 1595 838 1653 ad
862 1595 963 1655 oscula
987 1595 1098 1654 dudum

132 1705 158 1746 oo
172 1685 290 1744 Fovisti
313 1685 447 1760 algentes
469 1683 601 1743 lacrimis
624 1684 826 1761 gaudentibus
849 1682 953 1743 artus?

171 1773 296 1850 Speravi
319 1773 462 1849 requiem,
484 1776 654 1849 ueterisque
677 1773 788 1831 iniuria
810 1772 885 1832 facti

169 1862 235 1921 Iam
258 1865 378 1938 poterat
401 1860 522 1921 desisse:
546 1861 629 1920 dedit
651 1881 730 1921 nova
753 1880 843 1921 causa
865 1863 1014 1922 malorum

171 1950 326 2027 Supplicia
350 1950 479 2010 afflictae
501 1952 590 2029 longe
614 1953 754 2029 graviora
776 1953 919 2011 senectae.

171 2040 239 2099 Heu
262 2040 355 2114 dolor,
377 2040 436 2099 heu
458 2040 597 2099 lacrimas
621 2072 665 2081 —
688 2043 819 2100 extremo
841 2042 873 2098 in
897 2042 1000 2100 funere
1022 2040 1123 2099 nullus

130 2148 156 2189 es
172 2130 337 2189 Inferiasne
361 2131 441 2188 ausit
462 2130 546 2188 tenui
568 2130 731 2205 producere
753 2127 885 2205 pompa?

172 2218 258 2277 Sione
280 2218 333 2277 ille
356 2218 444 2278 exilio
468 2218 619 2293 quondam
641 2217 820 2278 miserabilis
844 2218 952 2277 adme

173 2307 355 2383 Expectatus
380 2304 470 2366 ades?
494 2308 536 2367 sio
559 2326 606 2365 me
629 2308 832 2383 complexibus
855 2308 951 2367 ambis

170 2396 436 2473 Languentemque
458 2394 562 2456 tenes?
589 2416 664 2472 quor
686 2398 752 2456 fata
773 2397 907 2456 infausta
930 2399 1096 2471 sequuntur

173 2486 314 2544 Exortem
338 2485 444 2561 eulpae
467 2487 498 2544 et
519 2486 638 2545 tristem
661 2488 724 2545 sine
747 2485 870 2545 crimine
893 2484 1009 2545 vitam?

133 2595 158 2635 uo
172 2573 229 2633 Hei
252 2573 327 2633 mihi
350 2576 470 2633 secretis
493 2574 588 2633 scelus
612 2575 775 2635 occuluisse
797 2574 920 2634 latebris

174 2662 253 2723 (lura
276 2664 335 2721 fuit
357 2664 496 2722 miserae:
521 2665 629 2723 sicine
652 2662 691 2723 ad
714 2664 812 2722 sidera
835 2662 922 2722 rebar

174 2753 259 2811 Sorte
282 2755 336 2812 tua
358 2754 454 2828 partis
478 2752 550 2811 olim
574 2751 742 2812 decoranda
763 2753 932 2829 triumphis

172 2841 240 2899 Heu
262 2841 321 2900 heu
343 2844 413 2901 nate
436 2842 524 2900 decus
548 2841 659 2901 dudum
683 2845 714 2901 et
735 2861 814 2901 nova
837 2841 933 2919 gloria
955 2842 1055 2916 matri,

172 2930 259 2989 Nunc
283 2929 368 2990 dolor
391 2933 421 2989 11
444 2931 584 2989 lacrimae
607 2932 778 3007 populoque
800 2930 927 3006 urbique
949 2931 1068 3006 tuisque

133 3038 159 3081 11
173 3018 307 3078 Dedecus
332 3020 499 3079 aeternum!
524 3018 605 3088 Quae
628 3039 689 3079 non
711 3022 922 3080 memoraverit
944 3022 1028 3079 aetas

174 3108 249 3166 Tam
272 3107 390 3167 crudele
413 3110 506 3184 nefas,
529 3108 618 3167 simul
641 3112 673 3168 et
695 3108 883 3169 damnaverit
905 3108 998 3167 orbis!

173 3196 336 3257 Frondebit
358 3197 458 3272 111111,
482 3199 552 3257 dum
576 3197 675 3257 sidera
697 3198 802 3257 fulciet
824 3198 945 3271 Athlas3

47 3338 49 3341 .
173 3287 312 3361 Dumque
336 3305 423 3347 auras
447 3288 555 3347 ferient
577 3288 712 3347 volueres
737 3290 767 3346 et
790 3305 932 3363 squamea
954 3291 1091 3361 pontum,

175 3375 341 3435 Tantorum
364 3375 507 3438 scelerum
530 3378 656 3436 Romam
679 3377 849 3435 meminisse
872 3375 1005 3453 pudebit.

246 3568 280 3617 45
299 3566 328 3618 ee
346 3563 406 3619 nau
420 3566 430 3634 q
444 3568 478 3617 co
496 3530 609 3618 111111
622 3566 631 3633 q
646 3568 680 3617 ee
699 3562 851 3617 Insertum
