2659 3909
187 236 231 299 74
546 234 656 289 PETRI
673 234 722 289 DE
741 234 857 289 coms*

186 386 320 446 rentibus
335 386 451 447 casibus
470 387 712 463 superioritatem
725 387 823 462 ipsam
846 386 1091 445 demonstrantes.
1129 384 1204 445 Gon·

186 476 325 535 fiteamur
346 476 448 551 itaque
471 495 582 552 papam
604 478 750 551 tanquam
773 493 971 535 successorem
988 474 1072 534 Petri
1095 478 1126 534 et
1144 494 1204 534 non

187 566 280 623 alium
303 584 367 624 esse
397 565 551 624 dominum
578 564 684 623 mundi
705 566 739 623 in
765 563 973 640 spiritualibus
997 566 1029 624 et
1054 568 1204 641 tempora·

186 654 264 713 libus
302 654 447 713 directum
483 657 514 712 et
549 653 720 731 generalem
754 655 785 712 et
820 670 920 731 regem
955 673 1060 732 regum
1096 656 1205 727 terrae,

160 744 343 819 aipsumque
378 763 504 820 regnum
540 762 627 801 suum
658 744 691 802 in
726 742 942 818 temporalibus
973 762 1027 819 per
1062 762 1146 821 reges
1175 746 1206 801 et

187 834 337 909 principes
356 850 391 891 ac
410 833 485 892 alios
504 833 597 891 etiam
620 830 772 905 officiales,
793 834 969 907 potestates,
992 832 1204 910 gubernatores

187 940 288 1000 regere
311 940 397 998 posse
421 924 451 980 et
475 939 577 999 regere
600 923 688 980 certe.
734 921 813 980 Nam
841 922 894 997 qui
920 940 974 996 per
1001 922 1095 979 alium
1122 922 1205 995 facit,

186 1029 241 1087 per
263 1028 294 1069 se
320 1012 420 1087 ipsum
451 1011 549 1069 facere
581 1010 708 1069 videtur.
753 1009 798 1069 Ao
830 1009 981 1069 Johannes
1013 1028 1094 1086 papa
1118 1009 1206 1068 XXII

187 1118 218 1159 se
242 1099 396 1158 dominum
417 1100 513 1158 totius
536 1098 641 1157 mundi
661 1118 716 1175 pro
735 1101 816 1158 certo
834 1101 938 1159 tenens
958 1117 976 1157 a
999 1098 1205 1158 imisdictione

147 1211 173 1250 ro
187 1189 307 1264 imperii
333 1188 456 1248 Italiam
483 1190 673 1266 magnanime
701 1188 823 1256 exemit,
851 1190 882 1247 et
909 1188 1051 1247 catholici
1077 1188 1205 1264 impera·

187 1280 267 1337 tores
301 1296 352 1337 seu
388 1296 472 1354 reges
504 1277 706 1336 Romanorum
742 1277 821 1336 idem
856 1280 993 1336 tenentes
1028 1277 1206 1336 fidelitatem

189 1367 330 1427 ecclesiae
352 1366 505 1426 Romanae
528 1369 559 1425 et
582 1367 705 1425 summis
727 1366 918 1441 pontificibus
945 1367 1098 1441 hucusque
1125 1366 1205 1424 iura-

188 1458 259 1514 runt
277 1458 307 1515 et
331 1473 470 1515 coronam
493 1474 615 1515 auream
634 1458 665 1513 et
687 1455 921 1531 approbaciones
944 1457 1128 1531 receperrmt,
1151 1473 1205 1513 neo

187 1564 246 1604 non
283 1564 334 1603 rex
365 1544 557 1605 Hierusalem
589 1552 619 1603 et
652 1543 787 1618 Siciliae,
825 1546 877 1619 qui
912 1544 1040 1620 Neapoli
1076 1543 1206 1604 residere

148 1654 173 1695 1c
189 1634 265 1693 solet
288 1636 319 1693 et
340 1634 464 1709 residet,
488 1636 518 1692 et
541 1633 699 1692 Sardiniae
721 1651 757 1693 ao
778 1635 961 1710 Aragonum,
992 1634 1122 1711 Angliae
1144 1632 1205 1691 Un-

189 1725 291 1800 gariae
327 1741 410 1800 reges
446 1722 611 1781 identidem
647 1723 809 1782 sentientes
849 1722 1026 1781 fidelitatem
1066 1722 1207 1781 similiter

187 1812 339 1887 hucusque
363 1813 501 1870 iurarunt
524 1814 555 1869 et
578 1830 699 1871 censum
722 1830 774 1870 seu
800 1812 948 1870 tributum
970 1811 1096 1889 singulis
1120 1813 1206 1871 annis

189 1902 329 1960 ecclesiae
352 1901 504 1959 Romanae
527 1901 743 1976 persolverunt.

255 1990 287 2049 F.
324 1990 438 2049 Doctor
460 1991 511 2064 mi,
543 1989 579 2047 de
611 1990 668 2048 hac
700 1989 836 2048 doctrina
864 2008 921 2067 ago
948 1990 1005 2047 tibi
1038 1989 1152 2065 gratias
1176 1992 1206 2047 et
1321 2051 1326 2065 .

148 2101 174 2140 ao
189 2080 277 2138 deum
301 2098 388 2137 exoro
412 2079 551 2154 supplex,
575 2078 654 2155 quod
677 2079 804 2154 inspiret
826 2097 956 2137 summos
979 2077 1148 2153 pontifices,
1171 2080 1207 2135 ut

188 2188 313 2245 regnum
344 2187 430 2227 suum
462 2186 635 2227 conservare
667 2170 859 2244 magnanime
890 2168 998 2242 velint,
1031 2167 1103 2241 quia
1132 2166 1206 2225 haec

189 2260 267 2317 esset
289 2257 432 2317 exaltatio
455 2256 577 2331 Romae,
609 2276 677 2315 cum
705 2258 828 2316 ecclesia
861 2256 978 2315 dicatur
1000 2256 1125 2315 ecclesia
1147 2255 1205 2313 Ro-

189 2365 278 2406 mana
297 2350 327 2405 et
350 2348 442 2405 etiam
465 2346 588 2405 ecclesia
610 2348 717 2421 potens
740 2348 837 2423 magis
859 2345 1053 2404 venerabitur
1071 2347 1102 2403 et
1123 2344 1206 2403 here-

188 2436 264 2495 ticos
287 2454 322 2495 aa
344 2436 444 2495 hostes
468 2436 532 2493 eius
555 2436 665 2494 fortius
689 2434 809 2494 domare
833 2436 954 2511 poterit

263 2605 454 2674 loperantes.
490 2603 549 2673 Ipsi
568 2604 655 2658 etiam
680 2604 850 2674 temporalia
874 2603 1037 2670 omiserunt,
1065 2605 1098 2656 ut
1124 2602 1206 2672 apiri-

189 2676 315 2730 tualibus
334 2676 471 2731 attentius
489 2678 630 2743 vacarent,
656 2692 713 2729 non
735 2674 904 2743 temporalia
927 2692 978 2744 pro
1002 2672 1137 2729 derelicto
1156 2674 1207 2727 ha-

189 2748 296 2803 bentes.
334 2746 432 2802 Confit
447 2746 590 2817 itaquep
605 2719 630 2802 a'
646 2763 719 2801 succ.
738 2747 769 2802 P.
789 2747 934 2801 dominum
948 2762 1009 2800 esse
1027 2745 1126 2799 mundi
1145 2746 1183 2800 K.
1198 2746 1209 2816 ll

190 2825 207 2872 4
226 2820 255 2873 et
278 2826 341 2874 aate
365 2833 461 2889 regem
487 2820 558 2873 deest
576 2820 613 2873 K
642 2820 651 2887 Η
679 2824 749 2872 dac
771 2834 822 2887 per
845 2817 915 2872 alios
934 2820 972 2873 K.
1000 2821 1010 2889 ΙΙ
1038 2823 1155 2887 ‘lposse
1174 2832 1207 2871 ac

190 2892 228 2945 K
242 2893 252 2960 11
265 2891 303 2944 ad
320 2906 409 2945 cooeva
427 2890 489 2959 qui:
518 2891 550 2945 de
567 2908 621 2972 rep.
641 2892 696 2944 aar.
716 2891 740 2943 t⁰
763 2891 807 2944 VI
827 2890 876 2943 V
868 2908 898 2942 m
917 2906 1005 2973 marg
1024 2892 1033 2958 ΙΙ
1052 2894 1068 2942 8
1087 2888 1206 2954 videtur,

190 2964 219 3017 et
232 2962 282 3031 qui
299 2978 350 3031 pro
366 2961 422 3015 alio
436 2962 514 3029 facit,
533 2960 610 3016 illiue
625 2978 676 3029 pro
691 2978 746 3029 quo
764 2960 835 3015 facit
852 2961 989 3014 vicarium
1007 2975 1069 3014 esse
1087 2960 1206 3013 constat

190 3032 229 3086 At
251 3032 393 3087 Johannes
417 3034 454 3088 K.
492 3004 530 3087 ali
557 3050 645 3087 vocem
672 3032 827 3087 Johannes
859 3033 897 3085 Ia
929 3039 1043 3086 cortraco
1061 3032 1124 3085 eati
1154 3046 1207 3085 soca

190 3121 259 3173 qaae
282 3107 392 3174 iacipc't·
411 3122 446 3159 ae
459 3105 573 3173 prebeat
595 3104 645 3157 V
637 3122 667 3156 m
685 3120 773 3174 marg.
792 3110 926 3171 pretereat
944 3103 1004 3156 cod.
1052 3103 1090 3155 at.
1105 3106 1184 3156 4167.
1198 3104 1208 3171 p
1319 3123 1326 3168 a

191 3182 206 3229 9
226 3176 313 3229 totius
328 3175 404 3229 orbis
419 3176 456 3229 K.
471 3179 480 3245 ΙΙ
495 3182 527 3229 11
548 3175 587 3229 ad
604 3192 692 3230 vocem
705 3174 885 3230 fidelitatem:
904 3180 936 3227 at
949 3191 970 3228 c.
986 3176 1045 3228 oete.
1061 3174 1094 3227 de
1107 3175 1207 3227 electio.

196 3248 223 3301 V
236 3247 266 3299 in
285 3263 372 3316 marg.
396 3248 405 3315 41
431 3253 463 3300 12
484 3247 694 3315 et-hucusque
712 3248 810 3301 desum
828 3246 864 3299 K.
902 3245 1032 3298 iurarunt
1050 3246 1079 3297 et
1097 3260 1115 3297 a
1133 3261 1207 3297 sum-

190 3316 501 3458 sterilibus..
520 3320 587 3457 Η
601 3317 845 3442 assederam
860 3316 1209 3441 &aestatim

190 3476 278 3514 vocem
297 3476 422 3514 censum:
442 3468 474 3513 at
491 3462 523 3513 e‘a
542 3460 564 3512 1⁰
583 3476 687 3513 camere
704 3460 851 3528 apostolice
869 3459 936 3514 Vin
949 3475 1038 3529 marg.
1053 3461 1062 3528 ll
1076 3464 1109 3512 21
1128 3473 1207 3528 regn.

190 3548 271 3585 suum
289 3530 444 3599 temporale
463 3531 501 3585 K
539 3529 678 3597 quiahoc
697 3530 734 3584 K.
749 3533 806 3599 1123
825 3533 1006 3584 veneraretur
1020 3546 1053 3583 ac
1071 3530 1159 3583 heret.
1179 3531 1209 3583 et
1324 3563 1325 3596 ,

190 3602 285 3655 hostes
306 3602 343 3655 K.
357 3604 366 3670 Η
382 3607 415 3655 24
434 3602 530 3669 posset
548 3602 586 3655 K.
