2659 3909
188 169 229 233 12
675 170 701 223 Π

186 318 234 377 Ad
258 338 326 378 mea
348 324 430 380 tecta
453 338 526 379 voco
549 324 681 395 iuvenes,
705 322 815 397 quibus
838 321 933 382 omnis
957 323 1065 382 edendi

186 406 291 467 Gloria
314 411 345 468 55
368 414 489 468 aeterno
512 411 608 469 vitam
630 429 803 471 consumere
826 410 906 488 ludo,

131 518 171 557 555
185 496 332 556 Pollicitis
355 498 427 556 duxi
449 497 550 573 variis,
574 516 709 559 sermone
730 501 863 561 furentes

184 584 373 646 inflammavi
396 589 520 663 animos,
542 607 602 647 non
626 588 814 649 dissociabile
836 591 944 665 cuique

184 675 219 732 In
242 676 359 735 facinus
383 680 487 735 votum
510 677 617 736 statui:
640 676 777 746 Quonam
799 696 893 754 usque
916 679 1046 738 feremus

185 763 315 823 Exitiale
338 762 465 842 iugum?
488 762 574 827 Olero
598 768 709 827 servire
732 768 843 827 coactis

185 851 333 912 Continuo
357 854 451 913 vitam
474 853 505 911 in
528 854 657 913 tenebris
681 861 710 915 et
732 859 869 932 tempora
890 857 974 916 luctu

130 962 169 1002 555
185 942 348 1017 Deplorare
371 944 455 1001 licet:
477 946 629 1019 postrema
650 962 706 1020 per
727 946 829 1005 omnia
851 944 935 1004 ducti

160 1046 161 1049 ’
185 1030 323 1090 Vivimus
346 1032 483 1106 imperi0,
507 1051 634 1107 quorum
657 1033 821 1109 producere
843 1052 969 1109 pompas

186 1120 241 1178 nst
264 1138 348 1179 amor
371 1123 401 1178 et
423 1120 528 1197 spoliis
552 1122 626 1181 culti
649 1121 787 1181 ditantur
809 1127 840 1182 et
863 1141 937 1182 auro

184 1208 308 1267 Viribus
332 1208 448 1269 obnixis
472 1211 502 1269 et
524 1212 626 1270 nostro
650 1211 796 1289 sanguine
818 1214 923 1286 partis.

184 1298 231 1355 En
253 1298 326 1356 haec
349 1297 514 1357 barbaries!
538 1299 658 1375 quando
681 1300 755 1359 haec
777 1300 944 1360 mutabitur
967 1300 1073 1360 setes?

131 1408 170 1445 555
184 1387 290 1445 Nonne
313 1387 371 1445 viri
394 1385 517 1447 sumus?
541 1387 566 1445 Ο
589 1389 743 1464 quondam
765 1389 901 1449 Romana
923 1410 1058 1468 propago

184 1476 268 1533 Felix
291 1476 374 1551 prole
398 1494 461 1549 sua,
484 1495 561 1552 (puae
584 1477 734 1539 libertatis
757 1494 859 1538 amore

183 1564 318 1642 Insignes
342 1566 456 1625 anirnas
479 1566 621 1641 pulchrae
643 1586 698 1643 per
720 1567 845 1627 vulnera
867 1568 958 1627 morti

184 1654 332 1731 Exposuit
354 1655 449 1714 vitam
473 1657 607 1715 staticus
630 1676 685 1732 pro
709 1656 797 1716 laude
819 1659 940 1732 pacisci.

184 1742 261 1811 Quid
284 1743 394 1801 totiens
417 1744 542 1803 referam
566 1745 677 1808 Brutos
699 1745 874 1822 Deciosque,
898 1744 1026 1806 Catones

130 1852 169 1891 555
184 1832 224 1890 Et
247 1831 370 1891 Furium
394 1836 424 1890 et
446 1832 569 1908 DrusoS,
591 1836 724 1913 insignes
746 1834 834 1895 laude
857 1835 1004 1910 Metellos

183 1922 245 1980 Vos
267 1920 364 1995 Fabii,
386 1939 439 1981 vos
465 1920 612 1983 Coclites?
636 1924 701 2001 Ego
725 1924 805 1983 solus
828 1925 860 1983 in
883 1923 956 1982 urbe

184 2008 293 2068 Caesar
315 2012 346 2069 55
368 2010 511 2086 aspiciam
535 2010 664 2071 dictator
687 2011 726 2070 ab
749 2031 815 2071 5555
839 2011 977 2082 Quirites.

182 2100 250 2175 Ipse
274 2117 329 2177 ego
351 2100 413 2159 iam
436 2099 548 2159 dudum
572 2102 687 2161 auratis
709 2103 823 2161 vincire
845 2103 958 2161 catenis

182 2188 247 2247 Aut
270 2190 339 2247 ante
363 2208 416 2248 ora
439 2188 527 2249 deum
550 2208 668 2249 sacrum
690 2195 823 2250 mactare
845 2194 998 2266 parentem

130 2295 169 2335 so
184 2276 335 2336 Constitui
359 2281 448 2353 atque
471 2297 573 2339 omnes
595 2279 627 2339 in
649 2279 792 2354 praedam
814 2282 930 2338 vertere
953 2280 1043 2353 cives,
1139 2323 1143 2328 -

184 2366 342 2443 Extirpere
365 2384 468 2445 genus,
491 2370 572 2426 totas
594 2366 761 2429 rescindere
785 2371 896 2446 gentes.

184 2456 267 2514 Tunc
290 2474 344 2532 ego
368 2474 420 2515 vos
443 2456 612 2516 meminisse
635 2457 714 2531 volo,
735 2459 865 2533 victoria
887 2455 1007 2532 quando

182 2545 340 2617 Annuerit,
364 2545 484 2621 quantis
508 2544 614 2620 opibus
637 2545 856 2606 cumulabimur
878 2565 988 2606 omnes.

183 2634 251 2692 Non
275 2651 349 2708 opus
373 2633 491 2693 ardenti
513 2634 785 2711 bello,=depellitur
807 2653 883 2694 aura
1029 2636 1032 2639 ’

130 2740 168 2779 555
184 2720 263 2780 Gens
286 2724 410 2799 ignava3
433 2741 538 2782 manus
561 2723 653 2783 durus
677 2724 788 2800 quibus·
809 2728 929 2800 asperat
950 2727 1039 2799 ensiS,

182 2811 245 2869 Hos
268 2812 395 2886 pecudes
419 2811 608 2888 nobisipsis
631 2831 686 2873 nos
710 2831 774 2873 esse
795 2814 895 2873 leones

183 2898 315 2959 Credite:
338 2901 488 2977 lanigeras
510 2900 647 2961 tondebit
669 2905 794 2979 quisque
818 2902 961 2963 bidentes.

182 2987 336 3065 Pugnaces
360 2992 476 3049 animae
499 2989 586 3051 nobis
609 2994 640 3050 et
660 2995 784 3067 pectora
806 2992 892 3051 molli

182 3076 250 3136 Non
274 3078 415 3139 violanda
437 3098 541 3152 manu,
565 3080 641 3139 nihil
663 3080 712 3139 hic
734 3080 912 3140 mortalibus
935 3099 1039 3139 ausum

130 3186 169 3225 sao
183 3164 333 3244 Consiliis,
356 3172 482 3244 sperate,
506 3168 620 3228 dabunt
644 3172 696 3246 pia
718 3171 843 3251 numina
863 3189 996 3247 regnum.

182 3254 291 3315 Lectus
314 3276 368 3335 ego
393 3260 528 3336 augurio,
550 3260 643 3317 tantis
667 3258 754 3318 datus
778 3261 882 3318 auctor
905 3258 943 3317 ab
966 3261 1064 3317 astris

183 3344 216 3403 Si
238 3348 324 3406 iuvat
345 3348 495 3407 interdum
518 3352 653 3407 nostrum
676 3349 846 3407 meminisse
868 3349 1023 3421 malorum,

254 3541 305 3589 262
324 3535 439 3605 pulcrae
