2659 3909
263 208 311 263 DE
331 208 604 265 CONIVRATIONE
622 206 808 265 POROARIA
825 208 1008 264 DIALOGVS
1099 199 1143 273 59

129 358 181 435 qni
205 360 258 418 alii
280 379 334 436 per
361 359 436 421 alias
464 362 566 438 portas
589 360 697 419 domus
719 363 750 419 et
776 361 907 435 posticos
935 360 1026 420 etiam
1054 360 1147 420 libere

129 448 254 508 exivere.
308 449 463 509 Redeunte
495 469 565 510 vero
596 450 634 509 ad
665 452 785 525 portam
810 449 904 526 ipsius
936 449 1040 509 domus
1068 450 1146 511 rice-

130 538 292 599 camerario
317 540 399 614 capti
422 541 494 599 sunt
510 538 555 597 ibi
577 542 709 614 quatuor
732 540 863 598 forenses
883 557 901 597 a
920 538 1059 614 Baptista
1078 558 1147 598 con·

129 626 210 685 ducti
235 628 286 686 scd
309 628 448 688 factionis
471 628 577 706 ignari.

104 742 116 780 5
196 715 230 774 B.
267 716 403 776 Audacia
426 720 456 775 et
478 716 682 793 praesumptio
705 718 848 775 maxima!
872 715 949 785 Quid
973 718 1070 775 facere
1093 737 1145 793 po·

129 806 258 865 tuissent
284 808 349 865 tarn
380 807 470 883 pauci
501 806 572 869 viril
608 806 704 865 Video
736 806 868 881 leporem
900 808 1004 865 contra
1030 807 1147 865 leonem

16 968 17 973 η
129 894 240 953 bellare
264 895 349 957 velle.

195 983 228 1042 F.
267 983 337 1057 Sile,
359 986 403 1042 mi
425 984 537 1059 doctor,
561 987 591 1043 et
614 983 666 1042 alii
689 983 832 1043 favebant
855 987 885 1042 et
912 985 991 1042 inter
1017 983 1071 1043 hoa
1095 984 1147 1042 Ja-

130 1073 219 1131 cobus
252 1072 426 1147 Lelliceehi,
462 1072 597 1151 Angelus
628 1072 665 1131 de
696 1072 795 1147 Maso,
832 1073 885 1147 qui
915 1071 996 1131 filius
1022 1072 1147 1131 Martini

91 1187 117 1225 ιο
129 1180 226 1237 papae
257 1161 285 1219 V
317 1161 480 1236 dicebatur,
514 1161 660 1237 Stephani
691 1160 825 1221 Porcarii
856 1164 971 1237 sororii,
1003 1162 1147 1222 Nicolaus

130 1249 234 1310 Gallus
267 1250 427 1311 canonicus
459 1251 602 1309 basilicae
635 1250 732 1311 sancti
763 1249 859 1325 Petri,
890 1252 986 1326 ipsius
1019 1270 1054 1308 ex
1086 1251 1147 1309 alia

129 1358 230 1398 acrore
252 1358 353 1416 nepos,
371 1340 404 1398 in
422 1358 549 1415 quorum
567 1339 704 1399 domibus
722 1343 841 1415 reperta
858 1342 930 1399 sunt
948 1358 1032 1398 arma
1051 1340 1147 1416 plura.

130 1428 170 1487 111
188 1428 319 1489 Jaccbus
341 1428 403 1503 ille,
425 1431 460 1487 ut
482 1429 607 1487 haberet
628 1428 786 1505 pecuniam
808 1448 863 1504 pro
887 1429 978 1487 armis
997 1432 1028 1487 et
1050 1428 1147 1503 sociis,

129 1516 188 1577 hiis
216 1517 320 1577 diebus
347 1517 524 1577 vendiderat
551 1537 605 1593 pro
636 1518 721 1575 mille
753 1517 870 1576 ducatis
902 1517 1023 1576 domum
1054 1537 1148 1587 unam

91 1630 115 1670 15
130 1603 244 1666 Jacobc
268 1606 360 1666 Calvo
384 1606 508 1666 soldano
532 1625 637 1683 papae.

197 1696 232 1755 B.
268 1696 330 1754 Hui
354 1696 379 1753 si
401 1696 556 1771 vicissent,
584 1696 731 1754 habuerat
753 1695 779 1753 is
801 1695 943 1772 pecunias
966 1697 997 1753 et
1024 1695 1148 1754 domum

129 1784 316 1845 rehabuisset
339 1788 368 1845 et
391 1785 520 1861 plenam.

197 1874 229 1935 F.
267 1874 308 1933 Et
334 1874 469 1952 Angelus
500 1875 564 1950 ipse
597 1893 665 1935 cum
690 1872 842 1933 Clemente
869 1873 932 1931 eins
959 1872 1022 1933 filio
1056 1865 1148 1954 (nnnc

130 1964 222 2023 etiam
245 1963 277 2023 in
304 1965 389 2022 furca
418 1963 562 2041 Capitolii
593 1965 716 2040 propter
746 1962 803 2021 hoc
834 1964 971 2038 suspensi
1001 1955 1147 2040 pendent)

90 2076 116 2114 ac
129 2052 174 2110 hii
196 2052 312 2128 plebem
332 2053 368 2111 dc
389 2053 473 2113 facili
496 2052 711 2128 sublevassent,
733 2055 799 2111 tum
821 2051 987 2128 cupiditate
1010 2051 1148 2127 praedae,

130 2143 195 2200 tum
215 2143 286 2217 qnia
304 2142 395 2200 multi
413 2143 484 2202 aunt
505 2142 624 2201 banniti
643 2143 674 2199 et
697 2140 906 2216 condempnati
930 2140 1036 2214 acrius,
1056 2159 1148 2216 quam

131 2248 162 2289 se
185 2230 221 2289 de
244 2230 307 2289 iure
331 2231 438 2289 mereri
461 2232 577 2307 putent.
1041 2222 1044 2228 ’

197 2319 231 2379 Β.
269 2319 422 2388 Quomodo
454 2320 623 2395 Stephanus
653 2322 684 2378 et
712 2319 847 2396 Angelus
877 2337 945 2377 cnm
973 2318 1036 2376 filio
1066 2318 1148 2394 capti

130 2406 220 2466 sunt?

89 2519 115 2558 ae
196 2495 229 2554 1⁴¹.
269 2496 403 2555 clemens
426 2496 505 2556 filius
528 2497 592 2573 ipse
618 2499 748 2555 sentiens
775 2496 937 2555 factionem
959 2496 1062 2571 palam
1084 2514 1147 2555 esse

129 2584 188 2644 ivit
211 2586 331 2645 domum
354 2586 450 2661 patris
473 2589 503 2645 et
526 2588 644 2662 patiens
669 2604 722 2645 seu
743 2585 858 2663 fingens
881 2604 913 2645 se
940 2586 1007 2661 pati
1034 2584 1148 2643 febrem

129 2692 161 2733 se
188 2676 291 2749 posuit
316 2676 349 2733 in
376 2676 463 2734 lecto.
508 2674 554 2733 De
581 2677 647 2752 ipso
675 2674 791 2734 dictum
818 2677 883 2733 erat
909 2675 1147 2750 viceeamerario,

130 2763 231 2839 sicque
254 2764 290 2823 de
313 2763 455 2823 mandato
479 2766 542 2824 eius
569 2763 797 2823 merresehalchi
818 2763 940 2822 iverunt
965 2763 1005 2822 ad
1027 2764 1147 2838 capien-

130 2851 201 2910 dum
225 2852 407 2911 Clementem
438 2854 538 2928 ipsum
565 2856 595 2911 et
626 2853 812 2912 invenientes
839 2854 872 2909 in
898 2854 976 2911 lecto
1001 2854 1148 2927 ‚ceperunt

89 2961 199 3004 eceum
219 2942 299 3001 etin
323 2942 410 3002 domo
428 2943 483 3000 illa
506 2942 602 3000 multa
626 2960 710 3000 arma
728 2960 783 3017 pro
805 2943 936 3000 factione
960 2943 1146 3000 invenerunt.

129 3030 254 3089 Interim
287 3032 427 3090 emissum
459 3030 519 3089 fuit
548 3031 816 3107 bampnimentum,
849 3030 928 3105 quod
952 3029 1005 3104 qni
1036 3031 1149 3106 ceperit

129 3120 230 3179 vivum
255 3119 440 3197 Stephanum
457 3121 590 3179 lucretur
613 3119 696 3178 mille
715 3120 847 3193 ducatos,
871 3120 923 3195 qni
945 3138 1015 3178 vero
1039 3118 1148 3178 occidit

204 3368 217 3415 1
238 3378 288 3415 een
305 3363 416 3431 postica
435 3362 472 3416 K.
487 3364 496 3431 ΙΙ
517 3366 533 3414 8
554 3361 627 3415 Scile
651 3362 682 3415 V.
696 3363 705 3430 ΙΙ
729 3366 744 3414 9
763 3359 932 3414 bellichechi
952 3362 989 3413 K.
1012 3362 1022 3428 ΙΙ
1046 3365 1078 3412 16
1098 3358 1148 3412 Hii

130 3432 155 3485 si
174 3432 306 3487 fecissent
325 3434 362 3487 K.
377 3436 386 3501 ΙΙ
405 3438 438 3486 19
457 3436 573 3502 propter
590 3433 642 3486 hec
661 3433 700 3486 K.
719 3433 728 3500 ΙΙ
746 3438 779 3485 21
799 3431 911 3485 banniti
929 3434 959 3484 et
977 3430 1099 3484 diffidati
1118 3433 1147 3483 et

130 3504 223 3557 acrius
243 3504 279 3558 K.
294 3506 303 3573 ΙΙ
318 3510 352 3557 22
371 3505 471 3559 mereri
490 3504 526 3559 de
543 3504 604 3559 iure
623 3506 662 3560 K.
677 3506 686 3573 ΙΙ
707 3509 741 3557 26
760 3503 798 3557 ad
816 3503 931 3558 domum
950 3502 988 3557 K.
1006 3504 1016 3571 ΙΙ
1035 3507 1068 3555 28
1087 3518 1148 3555 ma·
1168 3518 1176 3531 ⁴

130 3574 242 3629 resoalli
262 3576 369 3644 111131
389 3575 603 3630 bannimentnm
622 3577 660 3632 K.
675 3578 685 3645 ΙΙ
700 3580 732 3627 32
753 3574 888 3630 ceciderit
906 3575 944 3627 K.
