2659 3909
535 182 742 237 PRAEFATIO
1095 182 1150 236 XV

5 302 8 351 ἦ
131 337 235 396 thecae
257 338 357 415 regiae
380 335 522 396 Lucensis
546 325 631 416 (Ood.
650 333 827 394 Luccbesini
850 334 886 393 N.
904 326 991 415 149).
1037 333 1150 394 Poetae

131 445 238 485 nomen
270 427 372 485 omisit
397 425 558 484 Mancini
588 424 620 481 in
652 423 750 483 indice
773 423 835 483 001.
859 424 911 483 101.
934 424 1016 481 illius
1039 423 1147 483 biblio·

131 516 235 575 thecae
258 505 363 596 (Studi
385 514 449 574 ital.
474 513 505 573 di
526 512 597 572 fflol.
622 513 707 573 class.
725 512 809 586 VIII,
835 515 930 586 1900,
952 533 981 589 p.
1001 505 1090 593 214).

197 744 356 806 Porcariae
390 748 554 821 ceterisque
584 745 705 805 Horatii
740 746 920 805 carminibus
956 744 1150 805 adiciendum

17 911 22 921 .
135 836 243 912 putavi
265 835 366 894 Petri
385 835 425 893 de
446 833 555 893 (lodis
568 835 723 894 Vicentini
735 834 772 894 de
791 834 995 894 coniuratione
1008 834 1153 895 Porcaria

131 925 313 1001 opusculum,
339 922 486 999 quoinde
508 923 702 983 aDominico
722 922 859 1002 (lampio,
883 924 937 998 qni
960 942 1038 983 0000
1060 925 1147 983 1741

130 1013 250 1073 11100101
272 1014 301 1071 V
327 1013 423 1071 vitam
451 1030 469 1071 a
500 1030 531 1071 se
562 1014 762 1088 conscriptam
799 1012 901 1090 edidit
933 1012 1016 1072 illius
1039 1015 1149 1072 aetatis

130 1122 232 1161 rerum
254 1103 413 1177 scriptores
435 1102 519 1161 fonte
547 1102 595 1162 usi
617 1104 688 1161 sunt
714 1101 794 1161 haud
822 1100 1045 1161 contemnendo.
1090 1101 1150 1160 lte-

131 1192 243 1249 mansit
266 1192 368 1253 001010
389 1190 537 1249 1001110111
560 1190 711 1266 usquead
734 1210 846 1249 annum
867 1191 963 1264 1879,
987 1209 1046 1265 000
1069 1209 1149 1249 anno

131 1280 213 1355 typis
237 1279 460 1355 exprimendum
485 1280 603 1339 curavit
622 1299 637 1338 0
661 1279 761 1339 codice
778 1279 998 1357 Regimontano
1011 1280 1050 1338 M.
1065 1278 1147 1338 Perl·

131 1360 248 1449 baen¹>
296 1367 389 1437 Quem
412 1368 542 1428 codicem
565 1369 640 1428 satis
663 1368 838 1428 mendosum
867 1387 1035 1444 parumque
1063 1386 1148 1429 accu-

132 1459 198 1515 rate
222 1456 366 1533 scriptum
390 1474 452 1517 0000
476 1459 630 1533 cumipse
653 1456 740 1533 vidit,
763 1461 829 1517 tum
852 1455 885 1517 0.
905 1449 1150 1538 Tcmmasinus')

132 1545 224 1606 verba
246 1546 401 1621 scriptoris
424 1546 520 1605 multo
542 1547 650 1605 melius
673 1548 808 1622 potuisse
831 1548 982 1621 constitui,
1009 1548 1037 1606 si
1062 1546 1150 1628 Vati·

133 1653 242 1694 canum
278 1634 331 1693 ille
368 1635 498 1695 codicem
536 1635 734 1710 adhibuisset,
771 1635 885 1711 optimo
921 1637 987 1695 iure
1023 1638 1150 1695 monuit

133 1724 227 1793 Quem
249 1724 344 1799 ipsius
376 1726 507 1783 auctoris
535 1743 628 1783 manu
660 1718 861 1801 conscriptum
884 1743 947 1784 esse
978 1743 1038 1783 000
1060 1725 1152 1800 plane

2 1877 6 1894 (
133 1830 151 1870 0
175 1831 245 1871 vero
269 1811 427 1872 abhorrere
450 1813 578 1887 videtur,
601 1817 681 1874 certe
704 1816 792 1873 notae
817 1812 964 1889 quaedam
985 1813 1150 1874 Pandecta·

13 1893 16 1934 Ῑ
132 1921 199 1959 rum
223 1899 340 1961 Codicis
364 1902 574 1961 canonicorum
603 1902 751 1961 librorum
778 1903 859 1962 locos
886 1903 1078 1981 designantes
1100 1903 1151 1962 vel

14 1999 19 2009 ¹
133 1990 254 2065 abipso
277 1992 408 2069 margini
431 1991 565 2051 adiectae
583 1992 631 2051 vel
650 2011 686 2050 ex
705 1994 768 2051 eius
791 1993 954 2068 exemplari
976 1992 1150 2068 desumptae

132 2081 211 2139 sunt.
258 2079 356 2149 Quare
384 2099 452 2139 cum
475 2098 490 2139 0
518 2080 617 2139 codice
640 2081 788 2141 Vaticano
817 2101 905 2157 quem
934 2080 1048 2139 contuli
1071 2100 1152 2141 anno

132 2167 297 2244 praetexite
339 2171 456 2227 textum
497 2169 705 2229 excutiendum
740 2172 938 2246 putavissem,
974 2172 1076 2229 tamen
1112 2190 1152 2229 00

133 2257 284 2333 exemplar
307 2258 428 2333 quidem
447 2258 698 2335 Regimontanum
717 2278 839 2335 prorsus
862 2258 1050 2317 abiciendum
1068 2260 1152 2319 vide-

132 2345 229 2404 batur.
275 2346 354 2405 Nam
378 2366 446 2406 cnm
474 2366 534 2406 000
564 2349 691 2426 singulis
721 2348 810 2408 modo
839 2347 946 2421 verbis,
975 2348 1027 2407 001
1057 2350 1150 2407 etiam

134 2435 208 2493 totis
227 2436 393 2495 enuntiatis
413 2434 449 2495 ab
469 2436 523 2495 illo
547 2436 716 2511 abhorreat,
738 2438 882 2496 nonnulla
902 2436 1003 2512 addat,
1026 2438 1152 2496 omittat

134 2523 210 2596 alia,
243 2543 278 2582 01
308 2527 408 2600 priore
441 2525 570 2600 quadam
607 2526 721 2603 dialogi
752 2528 850 2586 forma
880 2546 947 2585 eum
983 2525 1152 2585 redundare

134 2613 284 2687 suspicari
305 2613 385 2687 licet,
408 2614 453 2672 110
475 2617 510 2673 01
533 2613 632 2675 codice
657 2616 754 2674 10000
783 2615 893 2675 collate
921 2634 998 2690 quae
1022 2634 1041 2673 a
1062 2615 1152 2673 Vati-

133 2718 207 2759 cano
231 2700 437 2778 discreparent
457 2722 512 2779 pro
531 2704 726 2763 adnotatione
749 2703 886 2763 addenda
909 2705 1151 2763 existimaverim.

200 2789 324 2849 Petrum
356 2791 392 2849 10
422 2789 513 2853 (10110
543 2796 644 2851 001010
672 2792 918 2852 iurisconsultum
955 2796 985 2851 01
1019 2792 1150 2852 iudicem

133 2878 240 2938 iudicii
264 2879 345 2954 quod
367 2879 478 2939 dicitur
505 2881 715 2958 appellationis
738 2882 844 2958 populi
865 2881 994 2941 Romani
1017 2882 1110 2941 fuisse
1134 2902 1152 2940 e

134 2966 270 3045 registris
295 2988 371 3043 quae
390 2968 532 3028 11000101
552 2989 686 3029 camerae
709 2971 890 3046 apostolicae
914 2970 1045 3029 ostendit
1063 2971 1152 3029 Tom-

135 3058 268 3117 masinus
291 3058 309 3115 l.
330 3076 352 3117 c.
377 3079 404 3134 p.
426 3058 476 3117 69.
523 3059 617 3128 Quem
640 3063 707 3119 tota
728 3061 843 3137 ingenii
864 3059 964 3118 indole
984 3060 1150 3119 studiorum

206 3264 233 3332 1)
251 3262 346 3317 Petri
374 3264 413 3317 10
441 3263 545 3318 (10110
568 3264 713 3319 Vicentini
736 3264 819 3334 dyalo
840 3266 931 3320 0010
956 3265 1152 3335 conjuratione

133 3331 273 3387 Porcaria.
310 3334 369 3387 Aus
392 3334 470 3389 einer
488 3335 697 3407 Konigsberger
713 3284 899 3391 Handsclirift
921 3337 1151 3408 herausgegeben

133 3419 188 3457 von
206 3402 253 3458 Dr.
272 3404 309 3458 M.
329 3405 506 3461 Perlbach.
545 3406 712 3461 Greifswald
732 3412 809 3462 1879.

206 3478 233 3546 2)
252 3474 419 3530 Documenti
436 3477 548 3531 relativi
576 3496 593 3531 a
621 3478 736 3533 Stefano
754 3478 876 3533 Porcari.
912 3478 1044 3533 Archivio
1073 3478 1152 3533 della

134 3545 241 3599 sociata
259 3546 387 3601 Romana
407 3548 436 3601 di
455 3548 542 3603 storia
561 3550 655 3619 patria
674 3549 736 3605 Vol.
751 3550 798 3617 ΙΠ,
818 3554 896 3616 1880,
915 3569 942 3619 p.
958 3555 1000 3605 67.
