2659 3909
195 565 419 635 HORATIVS
443 564 587 662 Peene
610 566 807 632 LVNENSI
830 566 1045 633 SALVTEM.

175 699 344 759 Alexander
366 699 418 757 ille
440 698 563 758 Macedo
587 717 721 757 summus
749 701 913 775 imperator
941 699 1026 775 regni
1051 698 1124 757 fines

114 789 218 848 dicitur
249 788 406 868 fatigasse,
438 808 474 847 ne
507 789 574 862 quis
611 786 711 864 ipsum
747 787 825 846 alius
861 787 999 865 pingeret
1035 807 1125 863 quam

112 876 238 954 Apelles,
270 877 439 955 Pyrgotiles
471 876 628 953 sculperet,
660 874 810 952 Lysippus
838 875 959 935 duceret
982 896 1017 935 cx
1047 896 1125 951 aare,

113 968 211 1043 quiea
229 969 407 1043 tempestate
427 966 586 1025 clarissimi
600 965 738 1041 plurimis
756 966 939 1042 imaginibus
953 968 1124 1025 extitemmt.

88 1055 278 1115 sVerebatur
300 1058 381 1115 enim
398 1055 460 1130 ille,
483 1074 519 1115 ne
538 1053 593 1113 vili
616 1055 747 1132 quodam
770 1054 905 1130 exemplo
928 1057 992 1113 eius
1014 1074 1125 1114 memo-

111 1144 155 1205 ria
186 1144 377 1219 abolesceret,
409 1163 476 1203 cum
508 1144 581 1203 satis
612 1143 671 1203 sibi
701 1163 859 1219 nunquam
880 1144 1006 1201 ,laudari
1037 1162 1124 1219 posse

111 1234 260 1292 videretur
278 1237 308 1293 et
325 1234 471 1292 maiorem
494 1236 651 1309 quaereret
669 1232 798 1310 gloriam
816 1232 973 1308 splendore
992 1233 1124 1292 artificis.

111 1322 220 1381 Vereor
238 1342 274 1380 ne
293 1322 401 1381 summi
423 1320 573 1397 pontificis
593 1340 680 1380 aures
698 1321 881 1395 offenderim,
900 1323 953 1397 qui
975 1321 1125 1399 fulgorem

17 1395 19 1491 i
111 1430 180 1471 suae
203 1412 370 1471 maiestatis
394 1412 544 1489 attingere
564 1414 653 1470 ausus
673 1412 739 1484 sim,
762 1429 830 1469 cum
848 1412 899 1468 vix
917 1410 972 1468 1111
995 1410 1124 1489 ingenia,

72 1518 97 1558 ro
111 1519 237 1576 quorum
259 1501 446 1576 praestantia
468 1500 572 1559 laudes
589 1501 718 1558 maiores
737 1498 916 1574 efficiuntur,
935 1500 1028 1577 digna
1050 1503 1124 1559 satis

110 1608 172 1650 esse
195 1589 374 1649 iudicentur.
420 1588 506 1648 Nihil
529 1588 608 1647 enim
631 1592 695 1647 tam
719 1587 828 1661 altum,
856 1588 933 1646 nihil
955 1590 1019 1646 tem
1043 1608 1124 1665 spec-

109 1682 190 1737 tatae
225 1678 362 1751 virtutis,
403 1677 490 1755 quod
521 1679 632 1736 summi
666 1676 817 1754 pontificis
852 1678 1001 1756 meritum,
1030 1680 1125 1753 possit

109 1786 246 1844 aequare.
292 1766 405 1827 Verum
429 1767 542 1827 otiosus
565 1765 688 1842 pudoris
709 1766 784 1825 fines
806 1766 889 1824 volui
913 1767 1074 1841 praeterire
1095 1771 1125 1825 et

109 1876 144 1915 ex
166 1858 264 1929 arenti
286 1856 408 1934 ingenio
429 1856 593 1916 versiculos
616 1854 736 1930 cudere,
759 1872 835 1932 quos
857 1855 896 1913 ad
918 1856 950 1913 te
974 1855 1123 1915 destinare

19 1938 20 1941 ’
69 1962 94 2002 re
110 1946 239 2022 decrevi,
266 1948 303 2004 ut
325 1945 395 2005 illos
417 1947 471 2004 tuo
494 1944 607 2004 iudicio
630 1944 800 2018 damnares,
833 1960 869 2001 ex
896 1947 982 2020 parte
1015 1945 1124 2003 saltem

108 2034 157 2093 vel
178 2033 364 2094 honestiores
387 2034 533 2093 redderes.
567 2034 713 2091 ¹Tantum
735 2032 846 2091 etenim
864 2031 921 2091 tibi
943 2033 1045 2093 lumen
1063 2035 1123 2093 elo-

107 2124 251 2199 quentiae
274 2142 309 2183 ao
340 2123 510 2182 litterarum
542 2121 679 2183 doctrina
710 2122 850 2200 refulget,
881 2125 918 2181 ut
949 2126 1039 2197 natus
1071 2123 1124 2181 ille

106 2215 180 2272 tuus
199 2231 235 2271 ex
251 2214 305 2271 tuo
328 2213 411 2273 fonte
428 2211 563 2289 liquores
587 2210 704 2269 abunde
726 2211 862 2287 potuerit
884 2210 1014 2271 haurire.
1058 2212 1123 2291 ligo

106 2320 177 2361 vero
200 2300 227 2360 is
250 2320 329 2375 sum,
360 2304 397 2360 ut
428 2320 497 2360 oum
523 2319 571 2359 me
602 2318 670 2359 mea
702 2300 824 2359 minime
858 2300 1015 2374 delectent,
1046 2301 1122 2360 alios

64 2407 92 2447 ac
106 2389 244 2449 fastidire
276 2409 336 2450 non
368 2390 512 2449 dubitem.
557 2389 671 2448 Verum
703 2389 757 2465 qni
788 2390 916 2448 vetustis
948 2390 1123 2465 novitatem,

105 2479 193 2539 novis
229 2480 455 2555 anctoritatem,
491 2478 632 2539 obsoletis
670 2478 812 2553 nitorem,
846 2477 982 2538 obscuris
1016 2479 1123 2555 lucem,

103 2567 251 2627 fastiditis
274 2568 404 2646 gratiam
422 2568 493 2627 dare
512 2568 677 2643 consuevit,
698 2567 883 2645 ignorationi
902 2587 1021 2644 quoque
1039 2587 1123 2632 meae

104 2656 220 2731 poterit
237 2656 402 2735 indulgere.
448 2656 567 2734 Siquis
586 2658 732 2715 virtutem
751 2656 929 2715 felicitatem
948 2674 983 2715 ac
1006 2658 1123 2732 sapien-

103 2745 183 2805 tiam
214 2745 363 2821 pontificis
396 2745 487 2825 digna
520 2746 741 2805 existimatione
772 2744 956 2820 pensaverit,
987 2745 1123 2821 profecto

60 2852 88 2893 aa
104 2834 221 2893 nullius
254 2834 445 2911 antiquitatis
477 2836 651 2894 memoriam
680 2834 738 2893 sibi
769 2833 916 2893 fatebitur
946 2837 1123 2911 comparari.
1221 2861 1223 2865 ’

104 2921 182 2993 Quis
204 2923 284 2982 enim
307 2942 367 2983 non
389 2923 516 2983 miretur
542 2924 735 2983 sanctitatem
762 2923 951 2982 clementiam
973 2923 1123 2983 iustitiam

102 3014 253 3089 pietatem
285 3031 320 3071 ac
349 3012 457 3072 mentis
489 3012 735 3091 magnitudinem,
760 3030 835 3087 quae
862 3014 949 3070 tanta
977 3016 1055 3089 sunt,
1087 3017 1124 3072 ut

103 3120 199 3178 quam
221 3102 318 3160 multa
340 3100 405 3160 fieri
427 3121 488 3161 non
510 3120 595 3178 posse
619 3100 795 3177 priusquam
825 3100 886 3159 sint
913 3102 994 3160 facta
1020 3100 1122 3161 creda-

101 3209 183 3250 mus.
229 3192 275 3249 Tu
298 3191 394 3271 igitur
415 3208 497 3251 meas
519 3190 650 3267 ineptias
674 3190 771 3269 legere
794 3208 855 3250 non
878 3191 1012 3267 graveris
1031 3195 1122 3267 atque

56 3297 86 3337 eo
102 3298 142 3339 11
166 3282 275 3354 mente,
297 3284 334 3338 ut
356 3282 387 3339 te
410 3282 499 3356 plane
523 3279 629 3357 legisse
652 3278 831 3356 intelligam.
877 3278 962 3338 Vale.

178 3430 245 3486 (lod.
264 3436 317 3486 826
344 3432 406 3500 (Me.
426 3448 482 3487 var.
503 3435 565 3499 411)
584 3430 774 3485 bibliothecae
799 3431 992 3485 univcrsitatis
1011 3430 1123 3485 Rhand-

98 3502 291 3557 Traieotinae.
330 3501 451 3557 Oratius.
465 3521 499 3572 p.
517 3502 576 3557 lun.
596 3502 646 3557 111.
660 3505 670 3571 i
685 3508 717 3555 11
737 3501 922 3572 iudicanturl
936 3508 970 3555 18
988 3500 1121 3555 habunde

507 3648 720 3658 --—-.-.-.—.-.

157 3726 271 3766 Horatius
285 3726 402 3766 1111111111
416 3726 452 3766 cd.
466 3726 621 3785 Iielriremlt.¹
893 3724 906 3769 1
