2659 3909
238 233 288 287 AD
307 232 398 287 ILLV.
417 232 616 287 PRINCIPEM
634 230 667 285 D.
686 230 917 286 arncfflcvu
936 229 1060 286 SFORT.
1115 231 1158 295 37

625 465 681 531 Ν.

211 595 332 657 Oratius
350 597 537 657 Nichodemc
551 596 736 655 felicitatem.
781 595 840 655 Hic
858 597 905 655 est
921 597 974 671 qui
988 595 1158 654 abstrahere

144 687 265 747 servitio
289 688 475 762 provinciam
502 687 532 745 et
558 685 685 744 liberam
712 684 798 744 nobis
825 684 946 743 vivendi
973 684 1159 744 dulcedinem

142 794 248 853 parere
270 778 377 852 potest.
423 774 530 850 Itaque
553 775 690 833 resistere
708 774 755 833 his
778 773 930 833 furoribus
949 775 1007 833 etsi
1028 774 1159 832 maxima

142 865 232 925 laude
250 864 374 943 dignum
393 866 441 938 sit,
455 882 489 923 ec
508 864 605 941 magis
620 862 745 923 excitari
762 862 858 937 debet,
877 863 956 938 quod
980 864 1006 922 si
1024 862 1159 939 neglexe-

143 954 193 1027 rit,
211 973 272 1013 non
289 953 377 1013 modo
395 952 505 1028 reliqui
527 954 671 1028 temporis
695 952 823 1031 gloriam
841 952 926 1027 eripi,
945 969 1048 1010 verum
1067 953 1159 1010 etiam

144 1042 201 1101 sibi
238 1044 432 1119 praeteritam
469 1060 642 1101 evanescere
679 1044 764 1100 sinet.
810 1040 895 1100 Nihil
932 1042 1012 1098 enim
1043 1059 1097 1117 per
1129 1059 1159 1099 se

144 1133 240 1190 altum
263 1134 352 1208 atque
375 1130 579 1209 magnificum,
602 1128 661 1189 nisi
684 1129 765 1205 quod
788 1131 921 1188 omnium
947 1129 1058 1188 iudicio
1081 1130 1160 1188 ratio

143 1222 248 1279 iecerit
271 1220 422 1279 excellens.
469 1219 581 1278 Verum
604 1220 677 1295 quia
699 1218 847 1277 neminem
870 1218 954 1278 decet
976 1220 1073 1295 magis
1096 1217 1157 1276 Ita·

144 1310 219 1369 licae
242 1308 392 1368 libertatis
411 1308 594 1368 defensorem
614 1308 744 1367 essere]
764 1308 861 1385 gloria
882 1326 984 1366 rerum
1006 1308 1161 1384 gestarum

144 1399 193 1457 vel
215 1398 369 1471 felicitate,
399 1417 489 1473 quam
517 1398 651 1457 omnium
674 1397 848 1456 modalium
870 1396 984 1472 primus
1007 1398 1040 1454 in
1062 1398 1160 1472 petes·

144 1490 207 1545 tate
229 1486 328 1561 habet,
352 1487 401 1545 vel
418 1486 518 1545 studio
538 1489 628 1562 atque
651 1486 868 1565 efflagitatione
891 1484 1032 1560 emnium,
1054 1486 1161 1561 scripsi

143 1576 275 1635 breviter
297 1574 439 1635 earmina
452 1576 526 1635 haec
548 1577 628 1634 tanti
650 1576 795 1651 principis
817 1573 1055 1652 magnitudinem
1084 1574 1160 1634 exci-

144 1668 254 1724 tatura.
305 1664 388 1734 Quae
419 1667 447 1724 si
477 1664 573 1723 libera
605 1663 695 1740 atque
726 1664 852 1724 honesta
882 1663 1076 1737 indicaveris,
1107 1683 1161 1739 per

144 1754 362 1813 humanitatem
380 1757 466 1812 tuam
485 1755 516 1814 et
537 1756 683 1829 principis
707 1754 859 1812 fortunam
883 1770 992 1829 quaeso
1012 1752 1050 1811 ad
1073 1752 1160 1810 illum

145 1842 293 1903 destinare
325 1862 385 1903 non
422 1844 569 1921 graveria
606 1842 686 1918 quod
717 1844 744 1900 si
779 1860 862 1902 secus
893 1845 981 1901 tuum
1016 1840 1161 1900 iudicium

143 1934 245 2006 fuerit,
267 1932 315 1991 vel
339 1952 373 1991 ea
397 1932 558 1992 combures.
604 1932 688 1990 Vale.

252 2204 307 2259 Ad
330 2202 411 2259 Illu.
434 2202 625 2272 principem
647 2203 681 2257 d.
704 2202 925 2257 Francincum
950 2200 1052 2257 Stort.

483 2308 614 2365 Ducem
636 2308 835 2364 Mediolani,
908 2346 910 2351 ,

145 2430 222 2489 Dive
245 2432 344 2489 virum
367 2431 491 2505 lapsura
513 2429 600 2489 Italis
625 2430 678 2504 qui
700 2447 793 2507 regna
815 2427 918 2503 tueris,

191 2517 255 2587 Quo
279 2518 352 2579 duce
375 2520 521 2598 fulgorem
546 2516 682 2577 Caesaris
706 2518 785 2577 orbis
808 2517 908 2592 habet,

145 2608 279 2667 Effluxas
302 2609 419 2683 patriae
441 2626 489 2667 res
511 2608 720 2682 maiorumque
741 2608 912 2682 triumphos

191 2696 299 2772 Aspice
312 2696 370 2763 'rel
393 2697 548 2775 Lygurum
571 2696 669 2773 gloria
691 2699 804 2772 quanta
827 2696 913 2755 iacet.

118 2785 209 2846 sRex
232 2786 312 2844 ferus
334 2785 463 2845 insultat
485 2784 574 2844 Latio
598 2816 643 2825 -—
666 2803 757 2860 quam
779 2785 896 2844 credere
920 2785 1027 2843 durum
1053 2814 1091 2824 -

189 2875 308 2934 Ascivit
329 2874 460 2934 Venetos
483 2874 515 2932 in
537 2892 594 2933 sua
616 2876 688 2933 vote
710 2892 806 2950 pares.

147 2961 171 3023 O
196 2964 290 3023 scelus
314 2963 483 3041 indignum:
506 2966 591 3022 tanto
616 2982 683 3022 cum
706 2963 829 3022 crimine
851 2962 956 3022 foedus

191 3053 227 3111 In
251 3056 343 3128 caput
365 3054 411 3111 est
432 3054 527 3111 ictum
548 3055 630 3111 terra
652 3052 763 3110 Latina
785 3054 878 3109 tuum.

5 3130 19 3153 i
145 3142 236 3201 Alma
258 3143 331 3201 viris
355 3142 486 3217 felixque
509 3140 625 3217 opibus,
648 3142 699 3199 cui
721 3141 848 3218 contigit
871 3140 950 3201 orbis

107 3251 132 3290 ιο
191 3230 363 3307 Imperium,
385 3230 450 3289 fieri
472 3230 599 3289 barbara
621 3228 733 3305 praeda
757 3227 867 3304 queat?

148 3319 204 3379 Oui
224 3320 348 3379 fortuna
369 3323 469 3395 potest
491 3319 608 3395 patriae
630 3317 800 3377 miseranda
821 3317 925 3393 videri,

127 3417 131 3432 ⁸
193 3407 226 3466 Si
247 3412 278 3467 te
301 3426 360 3468 non
383 3410 479 3484 pietas
504 3408 541 3467 ad
563 3408 615 3484 pia
636 3406 717 3466 bella
738 3406 858 3467 movet?

149 3496 245 3557 (lause
267 3500 321 3555 tua
344 3501 388 3557 est
410 3501 538 3572 tantum,
561 3500 596 3556 tu
618 3498 727 3557 iustius
749 3496 850 3556 induis
873 3514 969 3570 arma3

192 3585 260 3645 Non
284 3588 341 3645 erit
363 3586 419 3645 hoc
441 3585 521 3662 belli,
545 3585 596 3646 sed
618 3586 741 3662 pietatis
764 3604 847 3662 opus.
