2659 3909
167 236 212 301 20
658 234 686 288 Π

167 388 287 457 Quanta
309 389 358 447 vel
379 389 516 466 ingratus
540 387 588 446 vel
612 386 664 463 qui
686 389 767 447 tacet
788 386 910 446 invidus
933 389 1024 445 extat.

166 477 226 537 Hei
248 477 375 536 nimium
397 476 488 537 invisi
510 478 639 553 superis:
662 476 801 537 felicibus
825 478 911 535 annis

166 567 276 627 Vivere
300 566 446 626 nescimus
468 567 592 626 miseros
615 584 670 625 nec
692 566 769 625 ferre
791 564 911 641 superbi

167 655 327 716 Possumus
350 656 480 716 humano
503 653 629 714 necdum
651 672 856 715 mansuescere
879 654 969 713 cultu.

113 765 153 807 cao
169 744 247 813 Quid
269 744 380 805 totiens
404 744 546 820 strepitus
570 747 601 804 et
622 742 727 802 inania
748 742 870 803 nomina
892 762 991 803 rerum

167 833 322 911 Fingimus
346 830 439 891 elati?
462 832 601 893 Facimus
623 832 796 893 fundamine
819 832 902 891 nullo

168 922 314 982 Gulmina.
361 920 440 991 Quid
461 922 571 983 totiens
595 922 706 982 totiens
729 921 898 997 totiensque
921 939 1063 1008 vocamus

167 1009 325 1071 Libertas?
349 1011 428 1081 Quid
451 1011 618 1086 concilium,
642 1010 715 1086 quid
737 1010 858 1087 publica
879 1028 927 1069 res
950 1007 1017 1070 est?

168 1102 208 1160 Et
232 1101 304 1177 quid
326 1100 423 1160 Roma
444 1100 527 1160 valet
549 1100 634 1159 nobis
657 1099 710 1159 ubi
732 1101 818 1160 curia
840 1096 957 1159 cessat?

113 1212 153 1253 aas
167 1190 226 1249 Illa
248 1190 324 1249 mihi
345 1192 411 1249 visa
434 1191 480 1249 est
502 1188 592 1267 digno
616 1189 671 1248 sub
693 1187 828 1265 principe
851 1207 921 1247 vera

167 1278 314 1339 Libertas.
359 1279 443 1339 Felix
466 1297 519 1339 nos
543 1296 614 1337 cura
635 1278 770 1337 tuebitur
792 1296 903 1352 omnes,

168 1367 267 1428 Plebis
290 1370 322 1427 in
346 1367 504 1427 arbitrium
527 1366 648 1426 inbitur
671 1385 741 1425 cum
763 1385 879 1425 summa
900 1363 1055 1441 potestas?

168 1457 299 1517 Fallitur
320 1457 380 1516 heu
401 1457 528 1515 nimium
551 1459 654 1516 sancto
677 1456 732 1515 snb
749 1455 891 1531 praesule
914 1455 1050 1531 quisquis

167 1546 331 1623 Imperium
355 1550 385 1606 et
406 1564 503 1606 mores
525 1545 614 1622 longe
636 1544 811 1623 indignatus
835 1544 983 1603 abhorret.

114 1656 155 1698 aaa
168 1636 285 1713 Ingrati
310 1637 437 1711 quantos
460 1634 574 1710 superis
598 1632 738 1694 debemus
761 1634 897 1707 honores,

170 1724 243 1785 Cum
268 1723 404 1783 dederint
426 1724 504 1783 nulli
526 1722 680 1784 dominum
702 1724 816 1799 pietate
839 1721 1008 1796 secundnm,

170 1814 226 1873 Oui
248 1831 302 1872 nec
324 1812 423 1890 prisca
445 1832 549 1889 parem
571 1812 686 1871 meritis
709 1831 763 1871 nec
785 1813 888 1871 nostra
909 1810 1045 1870 tulerunt

169 1902 296 1963 Saecula
318 1920 371 1961 nec
394 1903 522 1961 similem
544 1903 687 1977 poterunt
709 1904 861 1976 praestare
884 1900 999 1959 futura!

169 1992 226 2051 Hie
249 1992 298 2050 hic
319 1994 417 2051 rector
440 1990 533 2064 adest,
557 1992 609 2067 qui
631 1992 789 2050 maiestate
812 1989 957 2048 verendus

115 2101 154 2143 sia
170 2082 308 2140 Sanctior
330 2080 459 2158 insurgit
481 2082 625 2156 tantoque
648 2080 680 2137 in
704 2079 831 2138 culmine
854 2098 954 2137 rerum

168 2170 281 2230 Iustior
304 2172 335 2228 et
356 2172 421 2229 toto
443 2168 532 2245 longe
555 2167 712 2229 sublimior
734 2168 804 2227 orbe

169 2260 274 2318 Mitior
296 2278 331 2318 ex
354 2258 418 2317 alta
440 2257 582 2317 mortalia
605 2257 732 2333 despicit
753 2258 831 2317 aula.

171 2347 219 2407 sic
242 2367 307 2427 ego,
329 2349 417 2423 plura
439 2348 523 2423 loqui
546 2365 604 2405 nox
627 2346 806 2405 circumfusa
827 2347 912 2405 vetat
933 2363 995 2404 nos.

517 2678 631 2743 Liber
655 2679 842 2744 secundus

170 2812 316 2887 liquerat
337 2813 453 2870 interea
476 2808 604 2869 candens
627 2810 746 2869 Aurora
768 2808 865 2868 cubile

171 2900 315 2979 Coniugis
339 2902 370 2959 et
391 2899 483 2959 radiis
507 2899 609 2958 orbem
631 2898 777 2958 lustrarat
799 2898 923 2974 Ap01103

172 2989 303 3065 Quisque
327 3007 395 3050 suas
420 2992 498 3048 artes
521 2988 613 3048 variis
637 3006 818 3064 operumque
841 2987 958 3046 labores

170 3079 367 3156 Prosequitur
389 3077 504 3138 studiis.
550 3076 687 3136 Turbant
708 3096 787 3136 nova
810 3077 916 3135 funera
937 3078 1052 3135 mentes

144 3168 357 3244 clmplicitnm
380 3168 496 3228 sceleri:
519 3170 633 3226 secreta
655 3185 709 3242 per
732 3168 802 3225 avia
823 3165 904 3225 furto

172 3258 304 3317 Tendere
327 3260 454 3333 quisque
476 3257 580 3334 fugam
603 3257 732 3315 tremula
754 3273 807 3314 nec
831 3258 913 3314 tutus
938 3253 974 3313 ab
998 3270 1072 3312 aura
1169 3279 1174 3286 ¹

171 3347 289 3405 Nititur
311 3349 402 3422 atque
425 3347 556 3422 equitem
578 3346 667 3424 longe
691 3347 845 3405 execratur
866 3346 897 3402 et
919 3342 984 3403 odit

244 3538 296 3588 632
314 3534 419 3588 totiens
447 3533 608 3603 totiensque
634 3530 796 3603 totiensque
826 3536 837 3602 ΙΙ
867 3534 933 3601 pest
954 3550 979 3585 a.
995 3536 1046 3585 637
1075 3530 1188 3599 signum

172 3603 402 3674 interrogationis
417 3605 499 3675 posui
513 3608 522 3676 ΙΙ
535 3607 600 3674 post
613 3622 638 3659 v.
649 3610 702 3659 548
721 3606 805 3661 nteit
814 3605 924 3674 primus
937 3602 1188 3673 implessemque
