2659 3909
189 234 234 298 64
546 232 655 287 PETRI
672 232 721 286 DE
741 231 848 287 conis

188 384 304 445 civibus
327 385 400 443 urbe
422 386 454 442 in
477 384 618 460 laqueum
639 382 802 458 incidisset,
830 384 864 442 in
891 403 979 459 quem
1009 385 1116 445 incidit
1138 385 1207 444 Pul·

190 474 322 547 celletus‚
345 475 399 549 qui
421 476 553 549 tempore
572 472 703 549 Eugenii
724 492 821 549 papae
839 472 903 531 ΠΠ
924 472 1094 533 rebellionis
1117 494 1208 534 causa

190 564 257 621 fuit.
302 562 436 622 Ecclesia
459 562 538 621 enirn
561 581 578 620 a
606 560 723 623 civibus
746 561 885 622 rehabuit
907 560 1010 621 urbem
1038 567 1069 621 et
1091 564 1207 623 Pulcel·

189 652 267 711 letus
282 654 387 728 captus
401 651 606 711 dimenbratus
626 652 693 711 fuit.
738 650 897 710 Praeterea
915 652 942 709 si
959 651 1004 709 hii
1022 651 1208 729 Stephanum

158 740 284 804 saecuti
310 742 445 815 fuissent,
478 742 516 801 ho
544 759 635 815 quam
665 739 780 817 ingrati
812 741 994 800 extitissent!
1029 740 1208 801 Habuerunt

190 832 319 889 enimet
340 830 452 889 habent
466 849 484 889 a
498 829 624 889 Nicolao
646 848 728 906 papa
741 829 770 885 V
793 829 936 905 quioquid
959 833 1074 906 petunt,
1098 830 1207 905 officia,

188 938 320 994 munera,
342 919 469 978 honores
487 918 674 993 Romanique
698 937 799 978 omnes
823 921 964 978 continuo
982 938 1095 995 pacem,
1117 919 1206 983 libere

189 1010 293 1081 tatem,
315 1008 533 1083 exemptionem
551 1027 569 1067 a
592 1008 733 1082 collectis,
756 1008 879 1067 decimis
897 1009 929 1067 et
947 1008 1086 1086 angariis.
1119 1004 1206 1087 (logi-
1324 1043 1326 1066 ÷

188 1100 255 1157 tent
285 1097 413 1156 Romani
449 1097 636 1175 singulorum
672 1096 780 1155 Italiae
811 1099 992 1173 populorum
1028 1100 1139 1172 status,
1176 1102 1207 1157 et

144 1210 175 1249 ro
189 1204 290 1246 omnes
313 1187 440 1262 populos
462 1188 599 1259 miseros,
622 1186 768 1261 populum
789 1205 861 1245 vero
884 1186 1053 1246 Romanurn
1079 1186 1206 1246 liberum

189 1277 306 1335 felicem
343 1275 449 1333 dicent.
506 1274 578 1345 Quis
614 1274 753 1333 meminit
787 1275 938 1335 Romanos
974 1276 1035 1334 alio
1071 1279 1206 1352 tempore

188 1365 279 1424 husee
302 1366 335 1427 in
358 1364 473 1424 divitiis
497 1366 527 1423 et
553 1365 702 1440 pecuniis,
733 1365 765 1422 in
796 1364 903 1439 quibus
933 1382 1012 1424 nunc
1043 1363 1133 1425 sunt?
1169 1365 1206 1423 In

189 1454 360 1531 quingentis
384 1454 470 1512 annis
493 1454 662 1529 praeteritis
681 1473 741 1512 non
763 1453 885 1512 fuerunt
902 1454 1015 1513 Romae
1037 1456 1084 1513 tot
1107 1458 1204 1513 vestes

189 1545 325 1617 sericeae,
347 1543 466 1623 iooalia,
489 1562 632 1621 gemmae,
656 1545 731 1617 quot
753 1542 888 1617 ternpore
910 1542 1030 1602 Nicolai
1058 1562 1155 1620 papae
1177 1545 1206 1602 V

145 1655 174 1695 rs
188 1633 278 1693 fuere.
324 1631 355 1690 Is
379 1644 510 1691 summus
534 1631 669 1707 pontifex
692 1631 795 1689 urbem
818 1632 910 1690 etiam
940 1632 1063 1691 edificiis
1090 1634 1205 1709 magni·

188 1720 299 1795 fioavit‚
331 1721 479 1797 palatium
512 1722 592 1781 enim
624 1719 704 1799 apud
734 1722 870 1779 sanctam
894 1720 1022 1780 Mariam
1053 1722 1205 1799 maiorem,

189 1810 271 1869 aliud
295 1812 536 1870 conservatorum
566 1829 583 1868 a
611 1810 812 1868 fundamentis
841 1809 982 1884 construi,
1014 1809 1206 1885 Capitolium,

188 1918 289 1958 muros
313 1899 394 1959 urbis
417 1898 548 1974 undique
571 1900 706 1975 reparari
728 1900 759 1957 et
781 1898 936 1957 fortificari
961 1917 995 1957 ac
1018 1893 1110 1977 [circa
1133 1900 1205 1957 civi·

189 1991 282 2047 tatem
296 1987 473 2059 Leoninarn]
497 2006 590 2047 novos
613 2006 714 2046 muros
732 1987 806 2060 fieri,
828 1988 976 2064 palatium
999 1988 1080 2064 apud
1102 1988 1204 2047 basili-

143 2100 175 2139 co
189 2096 255 2137 cunr
282 2079 378 2137 sancti
405 2076 487 2135 Petri
514 2095 569 2152 pro
600 2076 707 2135 maiori
739 2078 825 2152 parte
856 2076 888 2135 in
920 2077 1018 2137 forma
1046 2076 1205 2155 magnifica

189 2165 361 2240 reedificari,
384 2169 480 2225 turres
499 2164 567 2224 illas
586 2183 621 2224 ac
639 2184 739 2225 muros
763 2165 934 2225 claudentes
956 2168 1104 2242 palatium
1123 2166 1205 2226 istud

189 2256 390 2333 grossissimos
414 2258 444 2313 et
467 2254 618 2313 mirabiles
642 2254 679 2313 ab
700 2255 774 2330 ipsis
798 2256 889 2313 etiam
911 2256 1113 2316 fundamentis
1136 2274 1204 2315 con·-

188 2345 273 2419 strui,
296 2347 425 2403 castrum
448 2345 545 2403 suncti
567 2344 676 2422 Angeli
699 2343 869 2418 fortificari,
899 2363 988 2421 super
1014 2345 1092 2403 illud
1118 2340 1204 2405 habi-

188 2436 317 2492 tationes
350 2432 565 2510 pulcherrimas
597 2432 675 2508 fieri,
708 2433 846 2492 ecclesias
880 2433 1025 2509 plurimas
1061 2436 1205 2510 reparari,

143 2543 173 2583 es
189 2523 342 2582 ecclesiam
371 2523 467 2581 sancti
491 2522 636 2597 Stephani
666 2522 790 2581 rotrmdi
815 2524 848 2580 in
872 2521 953 2582 Gelio
986 2527 1096 2597 monte,
1128 2542 1204 2599 quae

260 2751 275 2797 3
295 2761 312 2798 a
329 2745 483 2799 maioribus
502 2747 541 2813 K,
559 2745 608 2799 ubi
625 2746 753 2800 rehabuit
770 2745 882 2799 excidit.
910 2748 919 2814 11
946 2750 963 2797 4
982 2744 1006 2798 si
1024 2744 1143 2798 maiores
1162 2744 1204 2796 hii

188 2819 225 2872 K.
240 2819 279 2887 116
299 2834 316 2870 o
335 2833 420 2885 quam
434 2818 504 2887 ingr.
520 2816 647 2871 fuissent.
685 2816 800 2871 Habent
818 2816 893 2869 enim
911 2832 929 2870 a
951 2816 1076 2885 presenti
1094 2832 1202 2869 summo

188 2888 320 2958 pontifice
339 2887 401 2942 Nic.
420 2906 448 2957 p.
468 2888 566 2957 quinto
586 2890 622 2942 K.
638 2891 647 2957 11
672 2895 685 2942 l
705 2888 827 2943 Romani
846 2904 957 2955 quoque
976 2903 1072 2941 ornnes
1094 2885 1147 2939 sub
1170 2901 1202 2937 eo

187 2959 345 3013 habuerant
364 2960 496 3013 continuo
515 2963 544 3013 et
570 2960 678 3014 habent
704 2976 804 3028 pacem
823 2959 860 3013 K.
883 2960 923 3027 119
951 2957 1120 3027 populorum
1138 2955 1202 3009 sub-

188 3030 309 3084 ditorum
330 3032 367 3085 K.
395 3034 404 3101 11
433 3037 464 3083 11
484 3030 596 3085 felicem
615 3031 643 3085 et
662 3029 782 3084 liberum
801 3030 838 3083 K.
861 3032 871 3099 11
895 3034 928 3082 15
946 3028 1032 3084 fuere.
1070 3028 1106 3081 Et
1125 3024 1202 3079 curia

187 3102 314 3155 Romana
333 3102 410 3156 omni
428 3103 475 3157 die
497 3101 575 3155 mille
594 3101 711 3155 ducatos
729 3101 871 3169 expendit,
894 3117 1013 3167 quorum
1030 3098 1120 3151 maior
1137 3113 1203 3166 pars

183 3173 359 3228 convertitur
376 3174 406 3227 in
424 3174 613 3227 Romanorum
631 3172 794 3226 utilitatem.
831 3171 966 3226 Nicolaus
993 3185 1068 3239 papa
1086 3169 1201 3238 quintus

188 3244 278 3298 eciam
304 3246 403 3299 urbem
428 3246 464 3297 K.
492 3247 501 3313 11
535 3249 567 3297 16
587 3243 662 3296 enim
683 3245 756 3298 deest
773 3243 811 3296 K.
848 3242 991 3309 maiorem,
1020 3240 1098 3294 aliud
1126 3241 1202 3309 apud

186 3315 333 3370 basilicam
352 3316 575 3381 Lateraneneem,
598 3314 677 3367 aliud
699 3330 820 3368 conserv.
841 3314 877 3368 K.
904 3317 914 3383 11
942 3318 976 3367 18
994 3314 1024 3366 et
1051 3312 1125 3366 circa
1150 3312 1201 3365 civ.

187 3388 270 3441 Leon.
291 3389 328 3442 K.
366 3388 440 3441 circa
459 3387 601 3441 civitatem
624 3403 741 3452 erasm,
759 3385 914 3439 [leoninam
932 3385 1055 3455 marqini
1079 3385 1202 3451 adscrip·
1310 3399 1325 3433 s

185 3465 245 3513 ium
270 3460 301 3514 iu
325 3460 354 3515 V.
382 3462 391 3529 11
420 3464 452 3511 19
471 3474 565 3512 muros
583 3459 656 3513 deest
680 3459 718 3512 K.
736 3459 746 3526 11
764 3457 841 3526 apud
859 3458 988 3511 sanctum
1005 3456 1120 3510 Petrum
1136 3456 1174 3509 K.
1192 3455 1203 3527 11

187 3535 220 3582 21
240 3532 330 3584 turres
348 3530 443 3584 illesas
463 3546 496 3583 ac
515 3547 623 3583 murum
644 3531 682 3584 K.
718 3529 792 3583 illud
810 3529 847 3582 ad
872 3531 1002 3584 sanctum
1020 3528 1134 3583 Petrum
1151 3544 1200 3596 per

181 3616 273 3669 grone.
293 3604 322 3655 ct
339 3602 400 3655 mir.
419 3618 512 3655 muros
531 3600 563 3655 K.
579 3603 635 3671 1122
655 3601 743 3655 etiam
761 3602 833 3657 deest
850 3603 889 3656 K.
903 3604 912 3672 11
927 3606 961 3655 24
979 3601 1074 3670 plures
1093 3600 1130 3653 K.
1212 3629 1215 3635 <
