2659 3909
558 244 742 301 Personam

143 398 229 457 Nunc
252 397 349 474 pudor
372 400 403 457 et
424 400 531 474 pietas,
554 398 669 457 fructus
692 415 812 473 sperare
835 396 972 456 laborum

142 487 230 545 Nunc
252 488 331 560 licet,
354 490 385 546 et
408 488 487 566 grati
509 487 634 546 redeunt
656 485 819 545 virtutibus
843 488 922 544 anni.

33 592 35 596 ·
143 576 230 634 Nunc
253 580 283 635 et
304 576 424 653 relligio
450 573 495 653 (ni
517 594 571 635 nos
594 576 691 633 malus
714 576 852 651 inquinet
874 566 970 655 error)

143 664 192 722 Ad
215 683 338 742 superos
362 663 495 725 ostendit
516 665 575 724 iter
596 684 650 740 per
672 664 752 723 levia
775 682 899 724 sursum.

91 776 129 817 455
143 753 212 812 Heu
234 754 323 813 nimis
346 754 523 814 immensum
545 754 629 813 vitiis
652 754 848 829 patefecimus
871 754 995 830 aequor!

145 842 269 911 Quando
292 843 389 921 magis
412 845 518 921 viguit,
541 842 626 901 nobis
650 841 808 901 clementia
830 844 933 900 maior.

143 932 246 1008 Nuper
270 934 349 991 enim
370 932 502 992 indoluit
524 932 603 991 cives
627 930 768 989 damnare
790 930 924 1005 rebelles,

144 1020 213 1080 Non
236 1021 338 1080 odium
360 1019 412 1080 sed
436 1038 525 1080 causa
547 1021 621 1079 fuit:
643 1020 777 1079 licuisset
798 1021 831 1077 in
854 1039 971 1079 omnem

143 1108 321 1186 Progeniem
344 1110 467 1185 saevire,
490 1110 522 1167 in
545 1112 673 1187 pignora
695 1128 755 1169 non
777 1112 878 1167 tamen
901 1110 978 1167 iram

92 1221 131 1261 555
145 1198 283 1257 Protulit.
330 1198 443 1257 Enixus
465 1200 598 1257 maculas
622 1198 740 1257 abolere
763 1198 918 1275 pudendas

145 1287 286 1363 Alloqnic
310 1288 392 1346 mitis
416 1290 534 1365 genitor
556 1307 616 1347 non
639 1289 770 1364 plurima
793 1291 913 1370 questus

145 1375 267 1436 Solatur
289 1377 443 1452 populum.
491 1376 605 1436 Solium
628 1396 665 1436 ne
689 1378 745 1436 boc
767 1376 890 1451 civibus,
913 1376 1022 1451 inquit,
1085 1367 1087 1372 ’

145 1464 272 1524 Deficiet
294 1484 348 1524 nec
370 1468 474 1525 nostra
496 1468 557 1526 suis
581 1465 740 1525 clementia
761 1465 858 1524 rebus.

145 1554 282 1614 Vidimus
305 1554 449 1614 infractos
473 1558 646 1613 cunctorum
671 1556 862 1630 animumque
884 1553 1033 1630 fidemque

92 1642 183 1706 555155
206 1662 269 1718 noa,
293 1645 436 1703 virtutem
458 1646 565 1703 merito
589 1643 746 1703 laudamus
769 1645 802 1701 in
824 1661 925 1703 omnes

145 1732 186 1790 Et
208 1732 324 1807 patriae
348 1735 379 1792 et
401 1734 499 1811 gentis
522 1751 676 1809 nunquam
698 1734 867 1792 meminisse
890 1730 1014 1810 pigebit.

145 1820 181 1879 In
203 1823 311 1881 vestris
335 1841 452 1881 omnem
476 1823 596 1900 gremiis
620 1822 778 1881 audentius
800 1820 904 1881 urbem

145 1911 201 1967 Vel
224 1910 303 1971 bello
327 1912 376 1971 vel
397 1929 470 1987 pace
494 1910 607 1969 damus.
653 1911 751 1969 Simul
773 1910 875 1970 oscula
897 1910 1004 1985 cuique

28 2028 30 2033 v
146 2000 269 2059 Delibat
292 2000 423 2078 gaudens
446 2000 618 2076 patulisque
641 2000 833 2076 amplectitur
854 1998 943 2059 ulnis.

93 2111 133 2151 555
146 2087 215 2147 Heu
237 2107 291 2148 nos
314 2088 436 2167 ingrati,
459 2089 559 2148 felicia
581 2092 718 2165 tempora
741 2087 859 2163 quando

147 2177 320 2237 Pensabunt
341 2179 495 2237 lacrimae:
518 2178 593 2237 laeti
614 2179 833 2237 reminiscimur
856 2178 931 2250 aevi,

149 2265 224 2325 Gum
247 2266 326 2325 redit
348 2268 462 2342 infelix,
484 2267 592 2327 fluctus
616 2269 780 2325 contemnit
802 2267 833 2325 et
854 2266 916 2324 iras

119 2432 121 2438 γ
147 2354 303 2432 Aequoris,
327 2359 432 2431 optata
454 2357 570 2433 potitur
592 2374 659 2415 cum
682 2356 792 2432 puppis
815 2355 935 2413 harena.

150 2443 304 2503 Cernimus
328 2444 450 2503 Italiam
472 2447 609 2523 regisque
633 2444 779 2521 ducisque
800 2442 855 2503 sub
879 2461 965 2501 arma

93 2553 132 2594 555
148 2532 332 2607 implicitam
354 2533 440 2594 furiis
462 2534 609 2593 bellorum
633 2536 663 2591 et
686 2534 775 2592 sortis
799 2532 930 2592 acerbae.

147 2620 209 2679 Nos
232 2640 303 2680 5555
326 2622 472 2681 immunes
495 2622 567 2681 belli
590 2622 759 2697 circumque
781 2621 878 2681 ruinis

146 2709 260 2768 Inclusi
282 2710 366 2768 nulla
388 2714 488 2769 tamen
513 2710 665 2771 obsidione
688 2714 830 2771 tenemur.

147 2798 276 2857 Felicem
299 2801 385 2858 tanto
408 2800 501 2858 vitam
526 2800 579 2859 sub
602 2800 736 2877 principe
758 2802 819 2860 tuti

148 2888 292 2947 Ducimus
315 2892 346 2947 et
367 2888 444 2947 nulli
466 2907 565 2947 rerum
587 2890 702 2949 violata
723 2890 861 2963 facultas,

92 2999 133 3039 sac
148 2978 272 3037 Finibus
296 2979 349 3035 aut
372 2977 452 3055 agris
474 2977 561 3054 pellit
583 2980 629 3039 vis
651 2978 737 3036 nulla
760 2978 889 3053 colonos,

148 3067 216 3126 Non
238 3066 352 3126 laribus
374 3067 460 3126 miles
483 3070 599 3127 veteres
622 3066 756 3126 detrudit
778 3067 877 3127 avitis.

149 3154 228 3224 Quot
249 3158 363 3231 pietate
386 3158 466 3217 viros
490 3156 590 3234 patria
612 3156 660 3215 551
683 3156 794 3215 honore
817 3157 950 3215 carentes

149 3244 292 3320 Sustinet,
316 3264 335 3303 a
357 3247 487 3322 propriis
510 3246 623 3305 laribus
647 3263 721 3321 quos
744 3243 861 3321 depulit
882 3245 929 3302 ira

149 3332 305 3408 Principis,
329 3335 486 3395 exhaustos
511 3334 615 3410 opibus
639 3334 797 3395 miseratus
820 3335 942 3412 egenos!

94 3441 136 3482 sas
151 3421 347 3497 Praemiaque
370 3424 519 3500 impendit
540 3422 655 3483 meritis
678 3426 709 3482 et
730 3424 865 3499 praemia
888 3422 995 3500 dignis,

162 3586 164 3591 ι
222 3614 273 3663 613
292 3609 376 3679 pupis
390 3612 399 3679 b
413 3615 463 3663 521
484 3609 559 3664 Num

916 3699 951 3753 ἓ*
