2659 3909
559 191 745 247 Personam

147 342 206 403 Our
228 344 299 402 dum
321 344 385 401 fata
408 348 518 418 parant
540 344 640 402 felioie
662 346 799 419 tempora
821 343 915 417 nobis,

145 434 214 493 Non
236 434 373 493 iuvet-et
395 432 488 492 libeat
510 436 596 491 tento
619 450 674 491 nos
696 451 818 491 munere
841 431 948 510 fungi?

90 541 131 582 neo
146 522 245 582 Fulsit
268 524 364 581 amieo
388 521 460 595 dies,
482 522 621 597 squalore
645 524 675 579 et
699 524 842 600 sanguine
865 525 967 597 turpes

144 612 210 671 Iam
233 613 306 671 satis
330 614 467 669 externae
490 612 600 669 luimus
623 612 756 686 periuria
779 613 884 688 gentis.

144 700 352 779 Magnanimos
375 701 497 759 fortuna
519 702 599 759 viros
622 700 757 759 illustrat
780 703 810 758 et
832 702 932 776 auget.

144 790 184 849 st
207 809 261 850 nos
282 790 365 848 fame
388 791 474 848 eanet
495 789 623 865 populos
647 790 773 867 vulgata
796 807 849 864 per
871 806 974 847 omnes

144 879 217 939 Esse
241 881 329 953 viros,
352 880 462 937 iterum
485 878 595 937 nostris
619 876 674 937 sub
697 877 814 955 legibus
837 878 939 936 orbem

89 988 131 1027 seo
144 969 264 1044 Impelli
286 970 317 1026 et
339 970 454 1026 veteres
476 967 538 1025 iarn
560 966 682 1026 reddere
704 985 792 1042 posse
809 966 991 1041 triumphos.

144 1056 298 1116 Hannibal
320 1057 369 1114 bie
391 1055 451 1131 fiet,
475 1056 523 1115 hio
546 1056 666 1129 Hector,
689 1056 882 1115 hicmalitus
906 1057 996 1120 annis

144 1146 281 1219 Martius,
304 1144 352 1203 hio
374 1143 500 1220 Pyrrus3
523 1145 624 1222 largos
647 1144 784 1203 habitare
807 1147 930 1219 penates

146 1235 191 1293 Tu
213 1236 335 1309 poteris,
358 1233 415 1292 tibi
437 1234 544 1310 longus
567 1235 671 1307 honos,
693 1233 751 1292 tibi
773 1232 840 1292 finit
864 1235 990 1310 egestas,

145 1322 269 1383 Divitiis
292 1323 396 1399 polles,
419 1326 548 1397 quantas
571 1323 642 1382 tulit
666 1326 735 1381 ante
758 1321 909 1381 Lucullus.

90 1429 130 1470 aee
145 1411 224 1471 Huie
247 1430 302 1489 ego
325 1414 386 1470 iam
409 1412 470 1470 scio
494 1411 568 1488 quid
592 1442 634 1453 -
658 1412 756 1487 qualis
779 1412 879 1470 latura
902 1412 1055 1469 ministrat

144 1500 243 1559 Mater
264 1500 411 1560 inornatis
433 1500 495 1559 iam
518 1501 649 1578 plurima
671 1501 750 1559 dona
771 1500 891 1577 puellis,

145 1588 259 1649 Pellexi
281 1590 510 1665 iuvenes,=quos
533 1591 565 1647 in
588 1607 655 1648 mea
677 1592 750 1648 vota
772 1588 884 1648 reduxi.

145 1679 198 1737 Nil
221 1679 303 1739 valet
325 1679 383 1737 heu
405 1680 503 1737 virtus
526 1679 730 1756 pugnantibus
754 1678 848 1737 ardua
870 1678 951 1737 fatis.

146 1766 246 1827 Sensit
269 1767 371 1827 adesse
394 1767 478 1827 dolos
501 1770 600 1844 pater:
624 1768 720 1827 omnis
743 1770 774 1826 et
796 1766 885 1826 ardor
908 1769 938 1824 et
961 1784 1050 1825 ausus

90 1876 131 1915 eoo
147 1856 243 1917 Cessit
265 1857 354 1931 enim,
377 1859 492 1916 cinxere
515 1874 597 1915 meos
620 1856 711 1934 longa
734 1856 855 1933 agmina
878 1856 956 1914 ferro

147 1945 236 2006 Culta
258 1947 346 2019 lares,
368 1949 530 2023 postquam
552 1946 663 2005 nostris
686 1945 816 2005 assidere
839 1946 980 2004 furores.⁴

146 2035 262 2094 Delitui
286 2066 328 2075 -
351 2034 472 2093 mallem
495 2034 608 2094 medios
632 2036 749 2110 rupisse
771 2053 826 2111 per
847 2034 948 2092 hostes

147 2123 288 2184 Geminus
312 2126 343 2182 et
365 2123 520 2198 pulchram
543 2141 719 2199 properasse
741 2125 775 2182 in
797 2124 922 2181 vulnera
947 2126 1081 2180 mortem.

146 2212 273 2289 Speravi
291 2212 432 2287 'latebris3
454 2212 559 2271 seeleri
582 2212 717 2272 conferta
739 2212 872 2271 virorum

91 2321 131 2361 sos
146 2301 265 2362 Robora
287 2301 447 2377 dissiliunt,
471 2300 568 2380 agitat
590 2319 657 2377 spes
680 2301 789 2360 ultima
810 2303 892 2360 vitae

146 2390 387 2467 Praecipitatque
410 2392 499 2449 viros.
546 2388 683 2466 Clipeata
704 2408 759 2466 per
781 2390 902 2468 agmina
924 2388 1049 2464 quidam
1086 2449 1088 2452 ,

145 2480 233 2538 Nune
256 2479 368 2554 dextra,
390 2497 469 2537 nuno
492 2478 544 2537 ille
567 2479 699 2553 humero,
721 2497 800 2538 nuno
822 2480 955 2554 pereutit
976 2479 1072 2552 haste„
1115 2538 1118 2542 ,

146 2569 233 2627 Nune
257 2567 357 2628 cubito
381 2567 419 2627 ad
441 2570 552 2627 terram
576 2569 687 2629 multos
710 2568 873 2643 prosternit
896 2571 927 2625 et
949 2585 1048 2626 ensem

147 2656 257 2716 Sibilat
280 2660 371 2732 atque
395 2659 489 2716 aoiem
512 2656 584 2715 ferri
606 2656 794 2716 venientibus
818 2656 905 2716 offert

91 2766 132 2806 ero
146 2745 304 2806 Hostibus:
326 2746 374 2805 hio
397 2746 500 2823 magni
522 2764 630 2805 nomen
653 2745 811 2805 meruisset
833 2745 953 2804 Aebilli.

146 2835 259 2894 Tutata
283 2836 327 2894 est
350 2834 471 2893 fortuna
494 2836 605 2893 virum:
628 2834 774 2913 fugitivus
797 2837 828 2893 et
850 2834 974 2893 haerens
989 2880 995 2891 .
1012 2878 1018 2891 .
1034 2879 1040 2892 .
1056 2878 1081 2908 .,

146 2922 270 2993 Quando
295 2942 349 3002 ego
372 2924 416 2981 nil
439 2922 531 2982 fidum
554 2926 657 2999 aspexi
679 2924 850 2998 fractusque
874 2923 962 2981 ruina

145 3012 182 3071 In
204 3012 327 3073 latebris
351 3013 468 3072 elansue
490 3011 571 3071 iaoui
593 3012 648 3071 sub
670 3016 751 3071 testa
773 3014 893 3073 sororis.

146 3102 229 3161 Tune
252 3122 298 3161 me
322 3102 488 3161 eonfeotum
512 3120 615 3160 somno
639 3101 778 3177 aurisque
799 3101 919 3161 satelles

93 3208 133 3249 ns
148 3189 308 3267 Captivum
330 3192 490 3267 oppressit3
514 3191 601 3268 nigra
624 3190 678 3250 sub
700 3193 788 3249 noete
809 3190 976 3249 revinetum

146 3279 269 3339 Aeriam
292 3279 468 3338 adv'l'ibrim
491 3279 632 3338 miserum
655 3278 783 3338 detrusit
805 3282 837 3337 in
860 3297 958 3337 araem

147 3368 188 3427 Et
210 3368 313 3445 iugulo
336 3368 467 3444 pendens
491 3369 568 3427 solvi
590 3386 645 3444 pro
669 3369 792 3426 erimine
815 3384 935 3444 poenas.

220 3560 271 3609 303
289 3554 417 3625 pulcram
429 3558 439 3625 {t
452 3557 517 3624 post
535 3573 559 3609 v.
576 3560 625 3609 311
647 3554 757 3623 aliquid
774 3554 886 3613 ridetur
904 3553 1047 3625 excidisse
