2659 3909
541 180 726 236 Personam

129 333 216 391 Nune
239 334 338 409 oapita
362 332 485 407 attollit,
507 333 593 391 terno
615 333 811 392 nune-latrat
833 334 928 408 hiatu,

39 430 47 439 ·“
128 419 216 481 Nune
239 422 322 494 furit,
346 422 468 480 alternis
490 422 587 481 laniat
609 440 688 480 nuno
710 422 972 481 morsibusartus.

73 530 112 571 ers
127 510 284 569 Immixtus
308 512 390 570 sanie
413 511 514 570 fauces
536 510 684 570 interfluit
706 513 772 569 ater
863 529 864 532 ¹

4 622 13 655 r
128 599 256 677 Sanguis
279 602 310 659 et
333 593 450 677 argutis
472 600 621 675 crepitant
644 599 699 658 sub
723 598 861 658 dentibus
884 619 959 659 ossa.

127 688 184 748 Hle
206 689 291 748 nefas
315 690 408 749 sensit
431 689 578 765 longeque
601 688 746 749 remotior
767 690 867 765 ipsum

126 778 298 837 Declinavit
320 778 391 853 iter3
415 777 496 837 solus
516 773 573 853 'per
594 780 712 836 tartara
735 796 877 854 praeoeps

126 866 156 925 It
178 866 336 925 lacrimans
359 868 441 942 rapti
463 872 600 941 repetens
623 884 702 925 nuno
723 866 789 926 fata
810 870 954 942 parentis⁸

72 976 113 1014 eso
126 955 214 1015 Nune
237 956 353 1034 generi:
377 974 464 1015 eursu
487 958 606 1014 tantum
629 955 754 1014 festinat
776 956 893 1029 anbelo,

126 1045 228 1105 Donec
252 1044 291 1104 ad
312 1045 421 1103 inferni
443 1044 581 1121 pervenit
603 1044 710 1105 iudiois
733 1063 847 1103 urnam.

127 1131 240 1193 Obvius
262 1134 332 1193 huie
355 1134 462 1209 primo
475 1133 591 1209 pallens
614 1134 646 1191 in
669 1132 772 1191 limine
795 1127 915 1193 morbus

126 1222 167 1281 Et
190 1223 284 1283 scelus
308 1225 339 1281 et
361 1222 460 1281 rabies
481 1222 599 1281 facinus
622 1222 707 1283 furor
728 1224 857 1297 impetus
881 1242 983 1283 amens

127 1309 242 1371 Seditio
266 1314 297 1369 et
319 1314 432 1387 raptus,
455 1312 617 1370 laorImans
642 1330 711 1370 oum
731 1312 836 1370 funere
859 1312 958 1371 luotus

74 1419 113 1459 aas
127 1398 253 1476 Iraeque
275 1399 461 1475 insidiaeque
485 1403 516 1459 et
537 1400 628 1479 regni*
645 1419 736 1459 saeva
758 1400 862 1473 libido,

127 1489 203 1547 Dira
226 1490 329 1565 fames,
352 1507 441 1549 ouree
463 1491 613 1550 insomnes
636 1493 728 1565 atque
752 1508 841 1567 aegra
864 1495 1010 1567 senectus,

127 1577 310 1654 Tempestas,
333 1581 430 1637 metus
454 1582 484 1637 et
506 1578 610 1637 mortis
634 1578 805 1637 trudulenta
827 1579 977 1639 voluutas.

127 1666 204 1725 Tum
227 1669 309 1744 prior
331 1668 402 1727 huio
424 1668 553 1743 Mynost-
568 1666 636 1725 Tibi
659 1686 712 1726 our
734 1666 883 1727 violentus
906 1670 938 1726 in
961 1688 1011 1728 ore

128 1754 195 1814 Stat
218 1757 303 1815 furor
325 1759 356 1814 et
378 1758 491 1815 fractae
514 1760 659 1831 rumpunt
681 1757 745 1815 fera
767 1776 923 1815 murmura
946 1759 1054 1817 voees?

72 1866 113 1906 reo
126 1844 202 1904 Fare
225 1848 294 1904 tuos
317 1863 402 1905 oasus
426 1845 630 1921 scelerateque
654 1846 790 1921 tempora
812 1845 906 1903 ritae!

125 1932 178 1992 Nil
200 1935 284 1993 furor
306 1935 354 1993 hio
377 1934 490 1993 umbris
513 1933 681 1993 ueoverba
703 1936 852 1993 minantia
875 1940 1008 2010 prosunt.

124 2022 180 2082 Hle
205 2022 244 2081 ad
265 2023 390 2082 humum
411 2025 515 2082 torvus
539 2022 697 2082 deflectens
719 2023 835 2081 lumina
855 2023 952 2083 fatur:

125 2110 248 2170 Arbiter
270 2112 444 2171 umbrarum
466 2106 590 2187 Mynoa
604 2112 683 2169 mele
707 2115 814 2171 ounota
837 2114 989 2172 ministrat

124 2200 259 2275 Impetus
283 2205 313 2259 et
335 2200 402 2260 finis
425 2204 544 2259 tanturn
566 2200 710 2259 laudatur
731 2200 764 2258 in
786 2202 870 2260 actis.

71 2309 111 2350 aas
125 2288 254 2349 Insidias
276 2290 387 2349 totiens
410 2289 526 2365 patriae
549 2288 746 2365 patribusque
768 2293 925 2365 parantem

126 2378 367 2453 Turbantemque
391 2378 506 2437 animos
523 2378 712 2454 ¹populorum
734 2378 875 2454 urbisque
899 2382 1030 2455 quietem

125 2466 173 2525 Me
196 2470 283 2543 pater
305 2468 394 2527 exilio
418 2471 537 2527 sanetus
560 2466 737 2543 proeenipsit
759 2469 896 2542 honesto;

125 2555 233 2615 Munus
257 2560 287 2616 et
310 2572 389 2616 aera
403 2556 485 2615 dedit
509 2555 604 2614 oivem
627 2558 786 2615 miseratus
810 2576 944 2634 egenum.

124 2644 190 2704 Hae
213 2644 321 2722 diguus
343 2647 457 2722 pietate
480 2645 543 2715 fui
558 2643 629 2703 dum
652 2647 756 2720 peetus
779 2645 887 2719 Erynis

72 2754 112 2794 seo
125 2733 328 2793 Inflammavit
351 2736 436 2793 atrox
459 2732 603 2810 regnique
627 2733 765 2809 cupidine
787 2734 887 2793 tinxit.

126 2822 210 2883 Tune
232 2842 287 2900 ego
309 2824 418 2883 mentis
442 2822 528 2899 inops
551 2823 655 2881 furiali
678 2823 812 2883 ooneitus
833 2825 879 2882 ira

125 2910 222 2971 Multa
244 2931 354 2988 paraus
378 2911 478 2972 animo
499 2912 581 2989 leges
605 2913 635 2969 st
659 2911 779 2971 foedera
801 2914 870 2988 rupi

125 3000 218 3059 Exilii
241 3005 271 3061 et
292 3001 399 3059 furtim
421 3000 541 3059 Latiam
564 3019 631 3059 sum
653 3003 758 3060 vectus
780 3001 820 3059 ad
841 3002 953 3074 urbem,

125 3088 263 3150 Infensus
285 3092 402 3166 patriae
425 3088 604 3166 dominoque
626 3089 801 3165 parentibus
824 3093 855 3149 et
877 3091 942 3151 diis.

72 3196 112 3237 ass
126 3177 242 3238 Dolitui
265 3178 303 3237 ad
327 3198 480 3256 generum,
502 3177 581 3236 traxi
604 3180 637 3237 in
659 3198 725 3238 mea
748 3183 821 3239 vota
842 3183 991 3256 nepotem,

127 3263 206 3334 Quos
230 3287 297 3327 mea
319 3286 409 3327 eausa
432 3268 522 3326 simul
545 3268 656 3345 iugulis
680 3267 780 3327 affeoit
802 3271 952 3346 utrosque.

125 3354 196 3413 Mox
219 3357 293 3415 alios
316 3357 397 3416 furto
420 3356 583 3434 implicitos
606 3357 653 3415 vel
677 3357 821 3433 sauguine
844 3376 959 3417 meeum

199 3549 251 3597 213
271 3543 381 3597 aetollit
399 3543 488 3612 hyatu
501 3546 511 3611 i
526 3549 577 3597 219
596 3543 775 3612 laerhymans
789 3546 799 3612 i
813 3549 865 3597 224
884 3544 1061 3600 laehrimaus·
