2659 3909
183 181 224 247 16
665 182 698 235 ’Π

180 334 292 392 Brutus
316 333 409 409 adest,
433 332 487 391 alii
510 334 592 393 eaelo
616 333 748 393 assidere
771 331 913 393 Catonesl

181 421 239 481 Sed
262 440 329 481 eum
352 422 414 481 tela
437 440 543 481 manus
565 426 702 499 poscunt,
724 421 796 481 dum
817 422 942 481 vulnera
964 426 1099 482 tractant
1160 461 1162 466 ·

123 511 216 572 seeIn
238 510 413 586 facinusque
436 511 542 570 ardent
558 513 666 585 animi,
690 511 761 569 dum
783 514 901 587 tempus
924 514 1069 589 aginam,

180 600 346 659 Delituisse
364 603 450 660 iuvat
472 600 612 675 tenebris,
635 602 671 659 ut
693 602 780 660 noete
803 600 922 660 satelles

181 687 342 765 Captivum
363 689 466 748 trahat
489 692 519 749 et
542 690 661 749 seeleris
684 690 751 748 luat
772 690 842 748 inde
864 689 1004 748 furorem.

180 778 301 837 Exeitat
322 779 473 837 interdum
495 780 573 839 vires
596 780 700 837 timor:
723 780 825 838 omnia
846 780 943 837 virtus

180 867 281 927 Audet
304 871 334 926 et
357 868 481 927 anullo
504 867 697 927 confunditur
719 867 813 927 ardua
836 863 933 926 easu.“

124 975 166 1017 aas
181 956 264 1015 Felix
287 957 395 1015 Roma!
418 974 513 1016 novus
537 955 647 1016 Caesar
669 956 808 1033 delapsus
831 956 870 1015 ab
893 958 991 1030 astris,

181 1044 240 1115 Qui
261 1065 352 1121 mare,
375 1049 429 1122 qui
450 1049 545 1105 terras
567 1046 754 1122 populosque
778 1049 809 1104 et
830 1064 924 1124 regna
946 1046 1001 1105 sub
1024 1064 1084 1105 uno

181 1134 323 1195 Conferat
344 1137 470 1210 imperio
494 1138 524 1193 et
547 1135 629 1195 fama
651 1137 827 1195 contenibat
850 1133 960 1209 orbem,

179 1223 265 1282 Unde
287 1226 368 1283 viros
391 1243 490 1282 rerum
513 1222 648 1283 dominos
672 1242 726 1284 sua
748 1224 846 1301 gloria
868 1223 950 1283 coelo

179 1311 332 1389 Aequabit
353 1316 468 1373 meritis
492 1308 523 1371 et
545 1313 633 1372 tollet
655 1312 694 1371 ad
716 1314 838 1371 aethera
859 1314 964 1372 virtus.

124 1420 166 1460 400
180 1400 276 1471 Quam
299 1402 378 1461 male
401 1420 491 1461 senus
515 1404 579 1461 erat
602 1420 749 1478 caecaque
772 1401 911 1478 cupidine
935 1398 1052 1477 eepbisl

180 1488 266 1559 Quod
288 1510 349 1550 non
370 1491 454 1549 mille
476 1509 582 1550 manus
604 1491 686 1566 belli,
707 1493 755 1550 tot
776 1491 904 1549 fulmina
926 1493 957 1549 et
980 1509 1073 1564 arma,

180 1580 239 1639 Tot
261 1580 439 1658 populorum
463 1582 550 1655 aeies,
572 1582 619 1639 tot
641 1580 734 1659 longa
755 1581 788 1637 in
810 1579 930 1639 saecula
952 1598 1037 1657 reges

180 1669 296 1745 Totque
320 1669 408 1729 duees
431 1669 505 1728 clari
526 1668 605 1727 belle
627 1687 683 1727 nee
704 1672 802 1727 terror
824 1667 862 1727 ab
885 1670 945 1727 oris

179 1757 333 1816 Hannibal
356 1757 476 1833 Alpinis
499 1762 622 1833 potuere
644 1757 677 1815 in
699 1760 819 1817 moenia
840 1757 964 1831 Romae,

123 1866 165 1905 ees
179 1846 238 1906 Hie
260 1846 318 1906 sibi
339 1848 401 1906 iam
424 1849 527 1907 suasit.
574 1847 693 1916 Quanto
716 1847 789 1905 tulit
811 1848 911 1906 omnia
934 1846 1028 1905 fastu!

179 1935 267 1995 Hune
291 1938 357 1995 auri
380 1937 524 1995 scelerata
547 1936 613 1995 sitis
636 1928 806 2012 nimiusque
829 1936 953 2011 rapinae

179 2024 351 2083 Incestabat
373 2044 464 2085 amor.
511 2024 626 2084 Statuit
648 2028 758 2085 natura
780 2024 884 2083 beatos
907 2058 909 2061 >

180 2114 252 2173 Esse
274 2114 365 2187 viros,
388 2116 414 2173 si
437 2131 497 2190 qua
519 2116 652 2173 contenti
674 2116 754 2173 sorte
776 2116 941 2173 manerent.

180 2202 238 2262 Sed
261 2204 336 2263 vitio
360 2202 500 2279 impliciti
522 2202 664 2276 rabieque
686 2201 820 2262 libidinis
844 2220 937 2261 annos

124 2313 166 2353 410
180 2292 260 2351 Ante
282 2294 363 2368 ipsos
386 2295 504 2352 teneras
527 2291 624 2352 foetus
647 2294 820 2353 truncamus
841 2294 875 2350 in
896 2290 1004 2349 herbas

179 2381 343 2456 Virtutum,
366 2383 401 2440 ut
422 2381 509 2441 fiores
532 2382 683 2457 nequeant
704 2380 867 2457 producere
888 2380 1012 2439 fruetus.

180 2469 214 2528 Si
235 2489 396 2530 memorem
421 2469 542 2529 annales
565 2472 722 2545 primaque
744 2470 782 2530 ab
805 2469 919 2547 origine
941 2469 1067 2527 Rumam

148 2614 152 2629 ,
181 2556 298 2633 ordiar,
320 2560 397 2619 hane
421 2562 551 2634 primum
574 2560 707 2618 fraterno
730 2558 876 2636 sanguine
898 2559 990 2616 tinxit

179 2648 324 2707 Romulus
349 2651 379 2707 et
401 2651 503 2723 rapuit
526 2648 638 2708 violato
662 2647 781 2707 foedere
803 2649 922 2723 nuptas.

124 2757 165 2797 415
179 2738 317 2797 Viximus
340 2756 375 2796 ax
397 2740 485 2813 rapto
509 2755 564 2797 nes
586 2738 643 2796 diis
666 2756 721 2797 nea
743 2736 860 2814 legibus
881 2736 962 2794 ullis.

181 2824 266 2895 Quod
288 2826 379 2885 libuit
401 2828 520 2886 tantum
543 2826 642 2885 fuerat
664 2826 801 2885 Romana
823 2828 958 2901 potestas

181 2915 325 2993 Regibus:
348 2917 381 2973 hi
404 2915 467 2975 solo
491 2914 654 2974 ductabant
678 2915 798 2993 singula
820 2916 899 2975 vote.

179 3004 258 3063 Filia
280 3024 341 3064 non
362 3006 465 3064 miseii
488 3006 661 3081 carpentum
684 3007 717 3063 in
739 3022 862 3081 corpore
884 3006 980 3079 patris

180 3094 310 3153 lliubuit
331 3093 476 3171 largoque
498 3094 580 3154 rotas
604 3096 720 3171 agitare
743 3112 857 3167 eruore,

123 3204 166 3242 ssu
179 3183 348 3259 Deturpare
369 3183 457 3258 lares,
481 3182 586 3259 opibus
608 3200 760 3261 regnoque
783 3184 877 3258 potiti

179 3272 237 3331 Per
259 3273 364 3332 scelus.
410 3272 478 3332 Hau
501 3274 598 3331 fetum
620 3273 757 3348 pervenit
779 3272 913 3346 adusque
935 3270 1073 3329 minores.

252 3554 303 3602 405
322 3547 418 3601 fausta
432 3552 441 3618 fl
455 3554 507 3601 412
526 3548 556 3602 in
570 3566 673 3619 marg.:
688 3551 799 3619 primus
817 3556 906 3605 status
923 3548 1001 3603 urbis
1014 3549 1024 3617 l
1038 3552 1089 3601 418
1109 3475 1195 3599 llllba
