2659 3909
564 204 770 259 PRAEFATIO
1111 203 1177 257 XIII

155 356 301 416 dedicatis
332 356 484 415 rarissime
516 357 693 415 moveretur.
739 356 805 425 Qua
832 374 884 433 spe
913 354 951 414 ad
982 356 1103 413 irritum
1129 373 1176 411 re·

156 446 247 505 dacta
279 466 351 504 num
383 444 529 504 adductus
561 446 603 503 sit
624 443 779 519 Horatius,
811 448 846 503 ut
877 444 1006 522 gloriam
1037 444 1176 502 bellicam

158 534 346 613 sigismundi
390 534 569 593 Malatestae
614 532 759 609 principis
805 533 1003 593 Ariminenais
1047 532 1177 592 hominia
1289 606 1292 613 μ

154 643 253 701 papae
289 624 477 683 infestissimi
508 621 641 681 versibus
676 622 851 698 celebraret,
884 622 944 681 dici
975 640 1036 681 non
1066 623 1176 697 potest.

156 712 244 782 Quod
267 733 334 771 eum
357 713 461 772 fecisse
485 730 501 769 e
524 710 655 770 carmine
684 715 791 786 poetae
814 710 969 771 cuiusdam
992 713 1027 769 ut
1057 709 1177 770 videtur

157 802 286 862 Romani
317 820 395 861 anno
431 802 516 859 1467
551 799 588 858 61
615 800 808 859 Malatestam
839 802 931 860 misso
963 801 1177 877 cognoscimus,

4 898 7 909 ⁴
129 919 131 923 ·
157 911 193 949 ex
217 910 275 967 quo
294 890 456 949 Horatium
478 890 568 965 paulo
593 892 663 947 ante
686 892 843 966 repentina
865 891 961 948 morte
984 889 1177 964 absumptum

157 998 222 1040 esse
250 980 385 1039 efficitur.
432 976 523 1038 Cuius
555 980 697 1038 carminis
729 978 767 1036 ab
800 979 936 1055 Eugenio
967 977 1071 1035 Muntz
1104 978 1178 1036 editi
1295 1048 1298 1053 Ι

156 1087 259 1129 versus
283 1072 354 1127 sunt
375 1060 453 1149 hi¹):

247 1192 317 1251 Nou
340 1210 388 1267 epo
412 1196 438 1250 tc
461 1193 588 1251 altisono
605 1194 746 1265 princeps
768 1191 937 1251 celebrande
961 1190 1108 1251 Guarceno

296 1280 427 1341 Oootcbo
451 1283 628 1355 armipotens
650 1282 791 1353 inferiore
814 1281 888 1340 ltro:

249 1370 344 1445 Quam
367 1376 419 1429 tua
442 1371 545 1429 dextro
562 1374 668 1443 potens
690 1370 762 1428 betto
785 1372 831 1438 stt,
850 1369 1001 1427 Horatius
1024 1370 1082 1429 edit

292 1459 450 1533 Praecipiti
472 1459 571 1518 ceteris
593 1459 694 1517 timim
715 1461 817 1517 mortis
839 1460 932 1532 Inops.

229 1583 287 1643 Sed
309 1583 465 1642 redeamus
489 1581 527 1641 ad
551 1584 685 1641 carmina
698 1583 761 1650 illa,
786 1602 861 1657 quae
876 1581 914 1641 ad
927 1581 1015 1640 Pium
1029 1581 1060 1639 II
1079 1583 1178 1657 ponti·

157 1674 244 1732 ficem
268 1673 432 1732 destinavit
452 1671 605 1730 Horatius
650 1671 851 1730 Inveniuntur
871 1673 905 1729 in
928 1689 1050 1745 corpore
1073 1670 1178 1729 carmi·

159 1781 273 1821 numa
304 1761 439 1838 pluribus
471 1760 567 1836 poetis
594 1762 627 1817 in
658 1760 779 1819 laudem
800 1760 849 1819 Pii
871 1759 902 1818 H
934 1761 1179 1835 conscriptorum,

158 1854 243 1911 cuius
267 1852 399 1926 corporis
423 1850 480 1908 duo
504 1849 579 1907 mihi
601 1848 797 1908 innotuerunt
819 1849 946 1909 codices:

233 1962 260 2017 1.
286 1955 356 2017 dod.
375 1956 435 2014 XII
461 1956 658 2015 bibliothecae
691 1954 843 2031 quondam
874 1956 1095 2030 Rossettianae,
1128 1956 1180 2029 qui

163 2066 244 2106 nunc
276 2048 309 2104 in
340 2045 520 2104 bibliotheca
552 2045 728 2121 municipali
759 2044 974 2122 Tergestina
1009 2047 1181 2103 asservatur

163 2128 234 2216 (Ma.
253 2134 320 2194 XII.
341 2134 402 2192 Sez.
419 2126 481 2214 2⁸):
504 2134 754 2209 Epaoneticorum
777 2133 816 2191 ad
838 2133 927 2192 Pium
945 2132 977 2192 H
998 2132 1069 2192 libri
1092 2136 1179 2208 qnat-

161 2228 240 2285 tuor.
287 2222 427 2283 Continet
444 2226 483 2282 77
508 2222 641 2281 carmina
664 2224 814 2282 orationes
838 2222 982 2299 epistulas
997 2224 1037 2280 27
1062 2223 1181 2280 circiter

161 2315 354 2390 scriptorum,
377 2331 503 2387 quorum
525 2311 661 2371 tabulam
683 2311 816 2370 invenies
838 2314 872 2369 in
894 2311 971 2370 libro
994 2312 1048 2386 qui
1075 2311 1180 2369 inscri-

159 2402 256 2461 bitur:
292 2402 329 2460 In
361 2420 451 2461 onore
484 2420 499 2459 e
530 2400 676 2459 memoria
707 2400 756 2459 dei
787 2402 833 2459 tre
864 2399 983 2459 vescovi
1011 2399 1042 2457 di
1065 2400 1180 2459 Trieste

163 2492 248 2550 Enea
271 2490 365 2550 Silvio
388 2490 437 2548 dei
459 2488 663 2564 Piocolomini,
686 2489 807 2548 Andrea
830 2488 878 2547 dei
900 2489 1027 2564 Rapicii,
1050 2488 1178 2547 Rinaldo

163 2578 336 2653 Scarlichio,
360 2579 475 2637 Trieste
500 2579 595 2653 1862,
618 2599 647 2654 p.
668 2580 718 2637 20.
765 2578 823 2647 Qui
846 2577 937 2637 codex
955 2596 1024 2637 cum
1041 2577 1107 2635 fieri
1119 2597 1180 2637 non

161 2670 265 2743 posset
291 2670 326 2727 ut
357 2668 433 2727 mihi
463 2668 727 2742 transmitteretur,
758 2667 884 2726 Ioannes
908 2666 1026 2725 Vahlen
1048 2668 1096 2724 vir
1119 2667 1178 2725 cla-

160 2759 297 2817 rissimus
321 2776 381 2831 qua
404 2759 450 2816 est
464 2756 653 2815 humanitate
672 2758 837 2815 carminum
850 2755 1086 2815 Horatianorum
1108 2774 1179 2831 apo

159 2845 311 2925 graphum
340 2846 378 2904 ab
408 2842 519 2904 Ottone
541 2844 641 2905 Koron
664 2846 779 2904 factum
801 2864 918 2904 mecum
940 2846 1179 2904 communicavit.

229 2954 257 3011 2.
283 2951 352 3012 uod.
371 2952 391 3009 J
410 2951 470 3010 VH
490 2953 554 3011 260
578 2951 784 3011 Bibliothecae
808 2950 1007 3028 Chigianae
1024 2951 1179 3010 Romanae

159 3061 249 3118 quem
281 3041 428 3101 indicavit
462 3041 583 3114 Pastor,
619 3038 796 3100 Geachichte
833 3040 886 3099 der
921 3039 1030 3116 Papste
1066 3039 1107 3115 H,
1127 3042 1178 3099 27.

160 3129 303 3190 Carmina
324 3130 380 3190 illa
402 3131 548 3205 excerpsit
577 3129 734 3189 Eduardus
756 3128 838 3189 Loch
861 3130 975 3207 collega
1004 3148 1101 3205 meus,
1131 3131 1180 3189 cui

159 3218 217 3278 hoc
240 3238 358 3294 quoque
382 3218 448 3278 loco
480 3218 672 3278 liberalitatis
701 3218 817 3277 debitas
847 3237 904 3295 ago
935 3220 1056 3296 gratias.
1102 3216 1179 3276 Con·

160 3309 239 3366 tinet
262 3311 362 3368 autem
385 3308 476 3367 codex
498 3306 601 3366 eadem
624 3325 660 3365 ac
683 3307 874 3385 Tergestinus
893 3306 1014 3367 Horatii
1037 3309 1178 3380 carmina,

161 3428 376 3437 -.—.—..-

235 3496 261 3563 1)
280 3494 311 3547 H.
334 3494 463 3560 Hiintz,
494 3494 580 3548 Plana
608 3496 637 3548 et
664 3495 842 3548 monuments
871 3493 905 3546 de
938 3494 1026 3547 Rome
1053 3493 1177 3560 antique.

161 3564 308 3636 Melanges
327 3564 359 3620 G.
378 3564 410 3619 Β.
430 3565 465 3619 de
484 3565 575 3633 Roasi,
594 3566 683 3620 Rome
703 3570 780 3631 1892,
799 3583 827 3634 p.
843 3570 903 3619 142.
