2659 3909
208 202 277 257 xvi
615 203 821 258 PRAEFATIO

208 356 328 413 ratione
351 373 458 432 genere
482 354 610 429 denique
638 355 756 414 dicendi
779 374 838 415 non
865 358 1084 415 renascentium
1111 357 1231 416 littera-

210 464 281 501 rum
305 445 414 503 aetatis
439 443 490 503 sed
512 444 605 503 medii
627 446 696 503 aevi
717 463 780 503 esse
803 447 953 503 neminem
976 445 1081 522 fugiet,
1104 445 1231 521 quicun-

209 551 270 607 que
293 531 447 611 dialogum
470 532 507 590 ab
531 552 565 591 eo
589 534 789 609 conscriptum
811 535 927 610 legerit.
974 532 1095 594 Codices
1126 538 1231 594 autem

208 640 303 679 manu
326 622 440 697 scripti,
459 621 566 697 quibus
589 623 765 699 opusculum
783 621 866 680 Petri
888 624 1066 697 continetur,
1087 624 1120 681 hi
1143 627 1229 682 sunt:
1308 687 1309 692 ,

281 715 307 768 1.
333 708 432 768 Codex
459 710 657 770 Vaticanus
685 712 747 769 lat.
778 712 863 770 3619
892 712 1134 772 membranaceus
1163 732 1229 771 sae-

208 798 274 857 culi
295 799 359 875 XV,
388 800 559 858 chartarum
581 800 661 875 XVl,
694 801 791 859 forma
823 802 939 873 octava,
961 801 1042 878 long.
1066 804 1150 875 0,21,
1172 800 1228 861 lat.

211 888 307 962 0,145
331 908 371 961 m,
394 888 477 946 cuius
501 888 635 965 singulae
664 890 792 967 paginae
820 889 907 947 XXII
933 908 1036 949 versus
1064 891 1227 949 continent.

207 976 314 1035 ,Prima
345 976 448 1035 littera
480 977 594 1055 dialogi
626 978 775 1037 coloribus
806 978 979 1038 illuminata
1011 982 1065 1053 est,
1097 981 1229 1057 margini

208 1065 350 1124 adnotati
372 1069 443 1125 sunt
465 1068 614 1143 scriptura
637 1068 751 1126 minore
770 1067 829 1125 loci
846 1067 957 1127 bibliae
975 1069 1125 1145 vulgatae,
1148 1068 1227 1127 Pan·

208 1154 375 1227 doctarum,
399 1153 525 1229 Codicis,
548 1154 622 1214 iuris
646 1156 781 1216 canonici
805 1157 867 1214 alia
889 1158 1042 1216 nonnulla.

279 1246 307 1302 2.
332 1241 430 1302 Codex
453 1245 652 1305 Vaticanus
682 1246 743 1303 lat.
763 1247 850 1304 4167
879 1247 1053 1306 chartaceus
1080 1246 1226 1307 miscella-
1308 1255 1309 1310 i

207 1351 285 1391 neus
318 1332 429 1392 saeculi
458 1333 514 1390 XV
536 1335 686 1408 exeuntis,
719 1353 807 1409 quem
830 1334 988 1410 descripsit
1018 1335 1227 1395 Tommasinus
1308 1415 1309 1418 Ἴ

206 1442 239 1497 p.
261 1422 311 1481 69.
357 1420 439 1480 Petri
472 1422 508 1481 de
545 1421 636 1481 Cedis
674 1424 850 1499 opusculum
886 1423 997 1501 legitur
1033 1444 1051 1482 a
1077 1424 1129 1483 fol.
1150 1427 1228 1483 202r
1308 1435 1309 1500 3

206 1528 304 1585 usque
327 1509 366 1567 ad
388 1510 439 1569 fol.
460 1512 538 1571 210r
560 1530 626 1570 cum
650 1512 749 1571 codice
774 1514 859 1572 3619
884 1514 1070 1571 consentiens
1094 1514 1167 1573 adeo
1191 1516 1227 1571 ut
1308 1519 1309 1540 ³

207 1619 246 1658 ex
273 1618 307 1659 eo
340 1598 521 1676 descriptum
553 1619 616 1659 esse
647 1601 736 1677 plane
769 1604 922 1678 appareat,
953 1604 1130 1676 praesertim
1158 1622 1226 1661 oum

209 1691 299 1747 notae
323 1708 439 1765 quoque
463 1691 594 1767 margini
615 1690 698 1750 illius
722 1690 831 1749 codicis
855 1689 1022 1766 adscriptae
1045 1692 1170 1766 ipsaque
1192 1694 1225 1749 in

207 1777 267 1835 fine
292 1777 470 1853 subscriptio
493 1780 562 1837 inde
585 1783 722 1855 receptae
745 1782 814 1837 sint.
1308 1845 1309 1850 .

279 1868 306 1925 3.
337 1866 434 1926 Codex
456 1886 527 1927 msc.
553 1869 602 1926 26.
628 1870 662 1925 4ο
689 1868 935 1927 bibliothecae
963 1867 1225 1927 Wallenrodti-

207 1974 311 2029 anae,
345 1975 422 2031 quae
455 1958 500 2015 est
527 1957 699 2035 Regimonti
725 1956 910 2016 Prussorum.
956 1957 1121 2032 Descripsit
1143 1956 1224 2015 Perl-
1308 1997 1309 2002 κ

209 2045 286 2104 bach
304 2066 332 2121 p.
349 2049 387 2104 11
414 2045 553 2105 editionis
577 2064 648 2105 suae
671 2046 821 2122 pauloque
846 2047 1013 2104 accuratius
1034 2046 1066 2101 in
1090 2046 1224 2122 epheme-

206 2134 274 2193 ride
302 2153 378 2209 quae
410 2135 586 2194 inscribitur
608 2134 838 2211 Altpreussische
861 2134 1088 2193 Monatsschrift
1114 2134 1168 2195 Bd.
1188 2136 1223 2209 X,

205 2222 397 2301 K'o'nigsberg
423 2224 517 2299 1873,
540 2245 569 2300 p.
585 2224 721 2299 566sqq.
767 2222 946 2282 Addendum
975 2224 1075 2282 estin
1104 2222 1182 2282 libro
1206 2243 1223 2281 a

209 2311 379 2390 bibliopego
409 2332 505 2388 nuper
532 2316 645 2371 resarto
676 2314 901 2389 inscriptionem
924 2312 1046 2389 Georgii
1074 2311 1149 2370 Rast
1172 2312 1223 2387 qui

206 2420 277 2458 eum
309 2402 505 2461 bibliothecae
538 2403 662 2461 donavit
684 2402 745 2460 iam
770 2421 830 2460 uon
861 2401 922 2478 legi
954 2420 1113 2477 omnesque
1146 2420 1222 2461 nunc
1305 2393 1310 2412 ’

204 2489 336 2567 paginas
369 2492 498 2549 numeris
522 2493 641 2549 notatas
675 2510 744 2550 esse.
791 2490 873 2549 Petri
905 2491 1081 2565 opusculum
1114 2490 1223 2568 legitur

206 2598 228 2637 a
250 2598 319 2656 pag.
338 2579 402 2637 487
427 2599 521 2655 usque
545 2579 582 2637 ad
605 2600 673 2658 pag.
694 2580 767 2638 498.

277 2774 419 2834 Codicum
456 2776 635 2850 scripturam
666 2776 700 2832 in
736 2774 873 2833 omnibus
910 2775 1098 2851 gravioribus
1134 2775 1221 2834 rebus

204 2866 327 2923 :secutus
352 2882 426 2939 sum,
450 2865 512 2923 alia
534 2864 648 2922 leviora
670 2865 703 2921 in
726 2882 792 2923 eam
816 2882 891 2939 quae
910 2882 988 2922 nunc
1002 2866 1071 2922 usui
1094 2866 1219 2923 estscri·

208 2951 299 3011 bendi
307 2954 455 3011 rationem
465 2953 642 3028 plenumque
651 2952 802 3025 transtuli,
811 2952 988 3029 praesertim
998 2971 1065 3011 oum
1074 2951 1221 3010 interdum

208 3059 268 3099 non
291 3041 349 3100 sibi
371 3044 507 3101 constent
530 3040 651 3099 scribae.
698 3042 811 3117 Scripsi
834 3060 869 3100 ae
891 3041 940 3101 vel
959 3059 993 3099 oe
1011 3060 1066 3116 pro
1086 3058 1101 3098 e
1125 3032 1220 3121 (pene,

204 3130 270 3203 hec,
293 3122 444 3211 prelium),
477 3149 512 3189 ae
535 3130 584 3189 vel
607 3150 622 3189 e
646 3150 700 3207 pro
724 3150 759 3190 oe
792 3122 933 3210 (scocula,
960 3130 1082 3202 loetum,
1108 3122 1220 3211 foelix),

208 3239 228 3277 v
251 3238 305 3294 pro
329 3239 359 3293 u,
386 3222 475 3294 ipro
499 3239 528 3295 y,
554 3222 583 3277 tt
604 3239 658 3295 pro
683 3223 713 3278 ct
745 3211 893 3300 (actoniti,
916 3210 1097 3300 actendere),
1129 3238 1219 3295 opro

207 3311 222 3366 t
245 3300 389 3389 (delitiae,
413 3300 621 3390 dissotiabile),
644 3312 658 3368 t
680 3328 735 3385 pro
759 3327 774 3367 c
797 3300 914 3390 (acque,
936 3300 1092 3389 precium),
1115 3328 1146 3366 m
1167 3329 1219 3384 pro

208 3418 227 3455 u
252 3389 413 3479 (quenque,
437 3390 586 3479 quanvis),
608 3398 739 3473 itemque
762 3398 896 3456 litteram
919 3416 932 3456 s
954 3397 1080 3475 apposui
1102 3400 1135 3456 in
1157 3417 1218 3457 ver-

203 3487 253 3547 'bis
278 3506 446 3565 exuperare,
470 3489 602 3563 exilium,
624 3507 772 3564 posquam
795 3491 849 3546 eto.
