2659 3909
271 246 320 300 DE
339 246 612 304 CONIVRATIONE
631 247 816 303 POROARIA
833 248 1014 304 DIALOGVS
1102 250 1144 314 75

197 402 230 460 Β.
258 402 355 460 Multa
368 420 459 476 super
475 400 533 459 hee
550 420 582 459 re
601 420 654 477 per
676 401 778 476 plures
801 400 949 475 dicuntur,
972 401 1023 459 sed
1042 420 1144 460 seeun-

129 492 201 551 dum
237 492 394 551 veritatem
431 489 518 549 eredo
555 489 663 549 dixisse
700 492 783 549 setis.
828 489 1033 550 Auctoritates
1066 491 1145 549 enim

130 598 232 641 seeree
254 581 383 657 paginae
406 578 636 638 auetoritatibus
663 578 818 638 hominum
845 580 937 637 etiem
963 597 1145 639 summorum

130 668 306 747 pontificum
327 668 466 743 positivis
485 669 555 726 sunt
577 667 780 745 preferendae.
825 668 892 727 Nox
906 670 952 726 esi
966 670 997 727 ei
1014 671 1145 728 crastina

103 760 179 819 sdie
202 757 343 834 equitabo
369 756 468 815 Senes.
515 756 549 815 Si
571 756 644 833 quid
666 756 711 815 ibi
732 760 788 831 vis,
811 757 889 817 iube.
934 756 1019 817 Vale.

196 847 228 905 F.
265 846 309 905 Mi
341 846 444 905 doctor
473 849 504 905 ei
539 848 639 921 peter,
675 865 722 905 me
758 846 816 906 tibi
852 845 1037 920 commendo,
1073 846 1145 907 deus

130 954 248 1014 gressus
270 939 339 994 tuos
363 934 475 1013 dixigat
496 935 528 993 in
551 937 633 996 viem
655 936 747 1011 pasis.

202 1130 217 1176 2
237 1124 310 1177 auct.
329 1124 426 1177 temen
445 1139 523 1177 seere
536 1124 642 1194 pagine
656 1125 802 1192 tamquam
817 1139 834 1176 a
853 1125 949 1177 saneto
964 1122 1066 1192 spiritu
1080 1140 1144 1193 pro·

129 1196 261 1250 cedentes
280 1196 317 1249 K.
332 1197 341 1264 ΙΙ
357 1200 371 1247 7
390 1194 469 1264 peeis
484 1197 513 1249 et
532 1194 631 1250 saluiis
646 1196 685 1250 K.
700 1226 735 1236 -
749 1195 808 1249 Deo
821 1194 937 1265 gratiss.
964 1195 1064 1249 Amen.
1092 1193 1146 1249 Per

129 1268 243 1321 Petrum
261 1266 297 1320 de
316 1264 403 1319 Godis
421 1265 457 1321 de
475 1266 606 1320 Vieentia
624 1266 734 1320 editum
751 1266 840 1320 Rome
863 1269 989 1336 tempore
1011 1265 1145 1320 fectionis

128 1337 256 1407 predicis
283 1336 393 1392 seilicei
418 1338 460 1391 Μ0
480 1336 577 1392 000οθ
595 1338 669 1392 ΙιΙΠο
697 1338 732 1392 de
759 1353 854 1392 mense
881 1337 1016 1391 Jenuario
1043 1336 1144 1406 pontif.

129 1408 241 1463 Nieolei
263 1424 337 1478 pepe
362 1410 389 1464 V
410 1410 492 1463 Anno
512 1409 645 1479 Septimo.
669 1411 701 1464 V.
728 1440 764 1450 -
791 1408 851 1463 Deo
869 1408 984 1479 gratias.
1020 1407 1146 1477 Explicit

130 1480 272 1550 dyalogon
296 1496 348 1551 per
374 1480 489 1536 Petrum
516 1481 552 1536 de
580 1480 666 1535 Godis
695 1482 731 1535 de
749 1479 904 1536 Vineeneia
930 1479 1039 1534 ediium
1056 1480 1145 1535 Rome

128 1554 255 1621 tempore
281 1551 392 1621 prefate
419 1552 621 1607 coniurationis
646 1552 693 1606 die
720 1554 822 1621 queris
840 1550 977 1618 Jnnuafii,
1005 1568 1062 1618 que
1080 1568 1145 1605 eon-

129 1623 233 1677 iuratio
251 1623 375 1679 revelata
394 1625 437 1679 esi
451 1640 524 1677 anno
544 1624 651 1678 domini
666 1629 735 1677 1463
750 1623 930 1693 pontificatus
944 1622 1057 1677 Nieolei
1070 1638 1145 1692 pape

127 1694 222 1763 quinti
241 1694 308 1749 anni
326 1695 406 1750 sexti.
424 1697 483 1766 (eie)
503 1697 540 1751 K.
