2659 3909
270 233 318 287 DE
338 231 613 287 cONIVRATIONa
631 230 817 287 PORGARIA
834 231 1015 287 DIALOGVS
1108 234 1150 295 61

133 388 287 461 receptare
309 403 365 459 me,
388 386 572 443 revertentes
594 383 704 443 ibimus
728 384 846 443 domum
876 382 985 443 sororis
1013 401 1095 441 meae
1119 384 1150 450 in

134 476 255 552 regione
278 472 436 531 Arenulae.
483 473 527 530 Ex
555 472 697 532 mandato
725 474 911 549 superiorum
938 475 999 531 tres
1026 491 1151 531 merres·

135 563 252 623 chalchi
274 562 412 637 Romani,
435 580 513 621 uuus
536 563 628 621 etiam
657 564 804 621 senatoris
830 563 946 621 iuvenis
973 561 1061 620 fortis
1085 579 1152 628 oum

136 651 223 711 sociis
245 652 319 711 hora
346 655 453 711 octava
485 653 581 711 noctis
612 650 735 710 iverunt
767 650 887 710 domum
915 650 1013 709 dictae
1043 651 1152 709 sororis
1217 692 1219 694 >

108 743 166 801 set
190 741 373 801 circumdata
395 741 482 800 domo
507 759 524 798 a
548 741 636 800 sociis
659 730 887 799 merreschalchi
909 758 978 798 oum
1000 738 1152 813 aliquibus

136 830 223 889 sociis
247 830 367 889 domum
389 829 548 888 intrarunt.
595 828 764 906 Stephanus
781 831 815 887 in
833 829 910 889 lecto
932 830 1041 901 iacens
1062 830 1152 888 vesti-

4 955 21 990 e
135 921 184 978 tus
216 922 326 993 tamen,
359 918 481 978 audiens
513 920 641 977 istesso
673 918 746 977 feeit
776 917 889 977 includi
916 917 949 977 in
979 936 1069 993 capsa
1091 936 1152 975 una

137 1008 245 1068 sororis
268 1011 299 1067 et
326 1025 415 1084 super
442 1026 533 1083 capsa
554 1007 622 1082 ipsa
653 1007 757 1066 sedens
781 1026 813 1066 se
843 1008 945 1082 posuit
977 1024 1061 1065 soror
1083 1024 1151 1068 oum

137 1098 233 1157 altera
255 1097 386 1155 muliere.
434 1096 611 1166 Quaeritant
634 1115 736 1156 omnes
758 1098 859 1172 partes
885 1096 1003 1170 domne,
1030 1094 1153 1154 coffinus

95 1208 122 1247 ro
136 1186 258 1245 tandem
281 1188 312 1244 et
335 1204 455 1261 capsam
478 1186 563 1243 illam
582 1188 612 1244 et
629 1184 675 1243 ita
697 1188 848 1261 repertum
871 1187 1013 1259 oeperunt
1027 1183 1152 1259 Stepha-

136 1294 208 1333 num
231 1277 262 1333 et
285 1275 322 1333 ad
345 1274 496 1351 palacium
518 1292 615 1350 papae
635 1273 717 1349 apud
739 1276 876 1333 sanctum
892 1272 1015 1333 Petrum
1033 1274 1065 1332 vi
1084 1291 1152 1331 con-

137 1364 292 1423 duxerunt.
347 1362 463 1421 Ibidem
503 1364 690 1422 examinatus
731 1363 882 1422 confessus
923 1365 982 1436 est,
1024 1362 1154 1437 qualiter

138 1452 326 1529 disposuerat
359 1471 448 1527 quam
484 1453 598 1527 plures,
635 1453 689 1527 qui
720 1471 843 1528 papam,
876 1453 928 1528 qui
960 1452 1153 1510 descensurus

138 1543 203 1601 erat
225 1543 258 1599 in
279 1541 436 1600 basilicam
459 1542 556 1600 sancti
573 1541 656 1600 Petri
675 1540 713 1599 ad
735 1542 858 1600 missam
875 1541 908 1598 in
929 1540 977 1599 die
995 1539 1153 1615 Epyfanie,

96 1652 123 1691 15
139 1648 215 1706 quae
233 1630 292 1689 fuit
310 1630 373 1690 diae
396 1630 526 1690 secunda
548 1633 617 1707 post
639 1630 854 1690 revelationem
876 1629 1025 1702 factionis,
1048 1646 1152 1704 capere

4 1742 17 1797 '2
137 1720 375 1796 praesumebant,
407 1719 446 1779 ad
478 1719 654 1795 capiendum
678 1738 744 1777 eum
768 1721 799 1777 et
829 1737 919 1793 quam
950 1718 1051 1794 plures
1078 1717 1153 1777 alios

138 1809 176 1868 ad
199 1809 302 1868 eadam
324 1809 398 1868 hora
422 1806 605 1885 Capitolium
628 1807 813 1883 capiendum.
859 1808 904 1866 Ac
922 1809 1069 1867 statuerat
1086 1806 1153 1866 sub·

138 1901 295 1973 sequenter
325 1897 466 1971 occidere,
495 1916 609 1974 rapere,
638 1900 674 1955 ut
701 1915 792 1972 supra
821 1896 890 1956 dixi.
936 1896 1051 1955 Deinde
1074 1897 1154 1955 oiroa

138 2006 277 2046 auroram
305 1987 364 2045 diei
392 1986 497 2046 ductus
524 1986 583 2044 fuit
605 1988 637 2044 in
670 1988 801 2045 castrum
833 1986 930 2043 sancti
951 1985 1070 2061 hegeh,
1101 1983 1154 2042 ubi

98 2099 125 2139 so
139 2076 224 2135 stetit
245 2096 299 2153 per
321 2078 382 2135 tres
406 2075 469 2133 dies
500 2093 594 2150 usque
620 2075 718 2150 hodie,
750 2094 808 2149 quo
830 2073 942 2132 ibidem
970 2074 1087 2149 pendet,
1120 2075 1155 2131 ut

138 2164 239 2312 meg.
277 2252 390 2313 Audivi
409 2257 475 2311 ate
494 2254 651 2312 hamorem
675 2254 794 2328 seriose,
817 2272 852 2311 ex
871 2270 930 2327 qua
954 2252 1042 2309 deum
1064 2252 1152 2309 mira-

138 2342 241 2400 biliter
255 2345 412 2418 operatum
426 2360 488 2401 esse
506 2360 658 2419 cognosco.
704 2342 836 2399 Maxima
854 2340 981 2400 caecitas
996 2339 1154 2416 Stephani:

138 2431 182 2489 ire
205 2430 326 2491 volebat
348 2432 379 2488 in
402 2433 582 2506 potestatem
604 2430 696 2489 unius
719 2450 755 2489 ex
777 2429 1040 2506 principalioribus
1062 2448 1154 2488 mem·
1246 2493 1249 2500 ,

98 2520 200 2581 sobrie
233 2519 311 2578 sedis
344 2519 534 2595 apostolieae,
567 2539 658 2595 quam
689 2519 930 2596 persequebatur.
976 2518 1055 2587 Quos
1081 2517 1154 2577 deus

139 2608 211 2683 odit,
233 2607 294 2667 illis
323 2608 422 2667 aufert
448 2608 643 2668 intellectum.
690 2606 762 2667 Odit
789 2611 889 2667 autem
916 2608 1027 2683 impios
1052 2624 1152 2683 pecca-

138 2701 226 2756 tores.
273 2696 425 2767 Quomodo
449 2699 551 2756 autem
573 2698 661 2757 homo
685 2696 781 2774 magis
802 2698 1045 2772 peccare'potest
1065 2715 1155 2771 quam

139 2806 206 2847 cum
239 2785 400 2845 offenderet
431 2787 579 2846 vicarium
600 2786 719 2861 christi,
753 2787 804 2861 qui
828 2789 873 2846 est
896 2784 996 2861 papa?
1029 2784 1155 2844 Dixisti:

139 2877 192 2952 qui
215 2874 421 2953 magnanimus
444 2896 503 2935 non
527 2878 684 2935 contentus
708 2876 818 2934 civium
847 2874 1019 2933 condicione
1042 2874 1080 2932 ad
1103 2872 1154 2932 do-

98 2965 265 3026 sominium
301 2963 414 3024 Romae
451 2964 608 3024 ambiebat.
658 2963 748 3039 Vide,
785 2963 933 3045 quomodo
970 2963 1041 3023 deus
1077 2964 1155 3022 hanc

139 3053 418 3131 magnanimitatem
438 3055 638 3129 —quamvis
658 3052 826 3129 Stephanus
850 3053 1057 3130 magnanimus
1080 3072 1154 3109 nun-

212 3242 289 3295 2Ex
307 3242 399 3295 mand.
419 3240 516 3309 itaque
539 3240 691 3310 superioris
710 3240 747 3294 K.
792 3238 950 3295 marescalli
970 3240 1008 3306 K,
1034 3246 1067 3293 ut
1087 3256 1154 3294 acor-

136 3331 196 3381 per.
210 3315 250 3382 114
269 3313 383 3367 domum
401 3312 512 3367 iverunt
530 3312 567 3365 K
582 3314 591 3381 11
616 3312 715 3381 Sipsa
734 3326 820 3380 capsa
839 3312 876 3365 K
899 3313 908 3380 11
932 3281 1070 3364 aeolicos
1089 3311 1126 3363 K
1145 3311 1155 3379 1

142 3389 175 3437 10
194 3383 367 3453 Stephanum
396 3386 529 3453 oeperunt
517 3384 585 3437 tK.
609 3385 618 3453 11
642 3388 674 3437 11
694 3381 848 3451 pallacium
866 3383 904 3435 K.
927 3384 937 3451 11
961 3388 993 3435 12
1013 3381 1080 3436 conf
1078 3399 1155 3435 essue

140 3457 212 3509 deest
226 3456 262 3509 K.
277 3458 334 3523 1113
369 3472 454 3524 apam
468 3455 713 3509 descensurumK.
728 3456 737 3523 11
753 3453 833 3507 llEt
849 3455 914 3507 etat.
926 3454 963 3507 K.
978 3456 987 3523 11
1003 3458 1035 3507 18
1045 3453 1155 3506 Deinde

140 3525 300 3594 Stpehanus
320 3474 367 3579 KP
380 3529 389 3595 11
412 3532 446 3579 20
465 3542 616 3595 suspensus
634 3526 741 3595 pendet
758 3525 796 3579 K.
818 3527 829 3595 11
851 3530 886 3577 23
905 3524 1014 3578 (locitas
1032 3523 1155 3577 maxima

142 3597 178 3651 K.
193 3597 249 3665 1121
270 3612 354 3665 quam
374 3595 513 3651 offendere
532 3598 569 3651 K.
584 3600 593 3667 11
608 3603 639 3650 31
660 3612 746 3665 quam
765 3595 861 3666 Steph
881 3596 918 3650 K.
