2659 3909
163 192 206 257 68
522 171 632 247 narni
647 192 699 246 on
718 190 825 247 coms
942 226 945 234 ·

162 343 262 403 Audio
299 344 391 403 etiam
423 342 608 419 Stephanum
640 343 814 403 Porcarium
845 343 984 403 habuisse
1000 382 1002 386 .
1016 363 1045 403 a>
1061 362 1184 403 camera

164 433 329 509 apostolica
351 433 384 491 in
414 433 597 511 relegatione
628 435 769 493 continuo
800 433 928 509 singulis
958 433 1109 497 mensibus
1122 452 1184 491 ›au-

163 540 229 582 reos
246 521 330 580 XXV
353 524 385 580 et
407 523 477 581 ante
501 522 716 600 relegationem
734 521 834 581 officia
856 522 1032 581 honoranda
1051 525 1081 582 et
1099 525 1184 581 extra
1231 548 1235 557 ·

165 610 266 669 officia
288 610 500 687 provisionem.

139 720 150 761 1
191 747 193 749 -
232 699 265 759 F.
301 699 416 759 Verum
438 699 520 759 dicis.
566 700 597 759 Is
621 718 736 777 pauper
759 703 832 774 erat,
856 719 924 768 cum
945 700 1013 759 istis
1038 700 1183 775 provisio-

165 878 236 937 dore
254 897 315 937 non
334 879 450 937 exisset.
496 878 634 938 Profecto
657 898 746 955 saepe
770 882 911 947 extranea
929 881 960 938 et
982 878 1183 938 exorbitantia

164 969 235 1026 sunt
270 968 384 1027 iudicia
421 967 617 1025 dominorum.
672 966 760 1038 Alius
795 968 996 1042 benefaciens,
1033 966 1184 1043 pacificus,

165 1056 271 1132 dignus
295 1057 345 1116 vix
378 1056 498 1116 videtur
521 1057 557 1115 ab
581 1056 633 1131 eis,
664 1058 726 1115 imo
758 1058 987 1132 contempnitur,
1019 1059 1051 1116 et
1074 1056 1183 1128 malus,

125 1165 151 1206 ro
164 1146 284 1221 impius,
307 1145 481 1219 seditiosus,
504 1144 645 1224 indignus
673 1145 823 1221 stipendio
847 1149 877 1204 et
903 1146 1014 1205 honore
1042 1146 1184 1211 sublima,-

164 1237 222 1292 tur.
270 1233 303 1292 Si
338 1235 460 1293 vicisset
493 1233 675 1311 Stephanus,
710 1235 849 1294 vincebat
881 1254 949 1293 cum
963 1268 970 1285 ο
984 1236 1184 1311 reputatione,

165 1342 256 1423 quam
279 1323 307 1381 ei
330 1322 453 1382 dederat
475 1323 533 1381 hiis
561 1324 657 1383 modis
681 1342 814 1383 summus
837 1324 984 1400 pontifex,
1013 1325 1084 1398 qnia
1107 1325 1183 1383 alias

165 1412 201 1470 ob
226 1412 289 1471 eius
312 1414 521 1513 paupertatem
546 1411 698 1489 Stephano
720 1413 895 1472 bubalarius
918 1432 978 1471 non
1001 1412 1182 1471 credidisset

232 1500 266 1559 B.
305 1498 363 1560 Sed
387 1500 500 1560 estne
491 1522 524 1559 ιιι
547 1502 677 1561 factione
708 1502 766 1562 ista
800 1502 910 1578 aliquis
943 1501 1039 1619 alius
1048 1502 1084 1560 de
1111 1501 1183 1561 Por·

125 1610 150 1651 rs
166 1588 275 1649 cartis?
334 1636 335 1641 ,

254 1679 287 1736 F
319 1678 450 1738 Minime
487 1680 693 1751 Ecclesiastici
715 1654 795 1738 enim
818 1683 888 1738 sunt
911 1683 942 1738 et
964 1653 1043 1738 cives
1068 1680 1183 1755 optimi.

165 1767 248 1826 Dicit
272 1768 363 1827 etiam
388 1767 509 1827 Gentius
532 1767 705 1844 Porccrius,
729 1767 809 1845 quod
832 1767 1001 1843 Stephanus
1025 1786 1060 1826 ex
1083 1786 1184 1844 snper-

164 1855 215 1915 bia
247 1874 278 1915 se
306 1856 342 1915 de
369 1856 483 1917 Porciis
516 1857 756 1935 cognominabat,
788 1857 824 1915 de
858 1859 951 1934 stirpe
983 1858 1099 1916 scilicet
1129 1858 1184 1915 illa

167 1944 314 2004 Catonum
346 1948 484 2022 antiqua,
517 1949 547 2005 et
579 1964 743 2024 cognomen
757 1947 875 2022 ..stirpis
898 1946 934 2003 de
958 1946 1115 2021 Porcariis,
1147 1946 1184 2005 de

10 2066 11 2073 .
126 2055 153 2095 ao
168 2054 227 2111 qna
250 2053 319 2093 vere
343 2038 417 2109 erat,
441 2035 608 2095 abiiciebat.
634 2080 636 2085 ,

233 2123 267 2181 Β.
306 2121 487 2184 Omittamus
510 2124 577 2183 ista.
623 2124 774 2183 Recordor
805 2126 977 2200 promisisse
1009 2124 1106 2198 pridie
1136 2144 1183 2183 me

165 2232 376 2288 responsurum
398 2213 454 2273 tibi
478 2214 598 2287 dicenti,
622 2213 701 2289 quod
723 2232 804 2289 papa
827 2214 858 2271 in
887 2213 1094 2289 spiritualibus
1116 2216 1184 2272 tan*

165 2305 230 2360 tum
253 2301 390 2363 dominns
415 2304 462 2361 sit.
509 2301 590 2361 Audi
613 2305 643 2359 et
671 2321 747 2377 quae
775 2302 873 2362 dicam
900 2322 972 2362 vera
1000 2304 1079 2361 sunt.
1125 2302 1184 2359 Im-

165 2391 271 2466 primis
296 2391 374 2465 quod
398 2391 501 2450 dicunt
523 2392 604 2469 leges
627 2390 781 2465 videlicet,
804 2391 883 2467 quod
906 2392 1070 2468 imperator
1092 2390 1185 2450 fuerit

127 2499 152 2539 11
167 2483 197 2537 et
220 2481 260 2540 sit
283 2480 420 2539 dominns
447 2480 565 2553 mnndi,
595 2498 671 2557 nego
695 2498 758 2539 esse
780 2498 897 2552 verum,
928 2484 957 2539 et
978 2482 1096 2557 legibus
1126 2481 1185 2538 Ro·

166 2569 263 2628 manis
286 2568 465 2629 credendum
491 2588 551 2628 non
574 2572 619 2627 est
642 2570 674 2627 in
697 2569 753 2628 hac
774 2572 875 2645 parte,
902 2570 973 2645 quia
996 2572 1028 2627 in
1050 2570 1108 2628 hoc
1130 2570 1184 2627 im·

166 2660 288 2734 perator
324 2657 360 2716 de
397 2676 427 2716 se
463 2658 529 2733 ipso
565 2658 772 2717 testimonium
807 2658 958 2734 perhibet,
996 2658 1048 2717 sed
1084 2659 1185 2717 nullus

166 2746 290 2806 idoneus
313 2748 400 2806 testis
418 2748 451 2806 in
469 2766 500 2804 re
518 2764 572 2805 sua
596 2765 658 2807 esse
681 2746 870 2824 intelligitur.
916 2748 991 2806 Dico
1015 2751 1117 2807 autem
1130 2747 1185 2806 im-

167 2837 283 2911 perium
301 2836 469 2894 Romanum
492 2837 585 2895 fuisse
607 2837 782 2911 violentum,
806 2837 886 2913 quod
909 2838 1051 2897 successit
1073 2837 1185 2913 populo

240 2994 386 3043 lcamera
410 3004 484 3057 pape
499 2989 537 3042 K.
564 2992 573 3057 1
601 2994 747 3057 tromper
774 2988 845 3059 sing.
869 3006 956 3044 mens
971 2988 1048 3041 XXV
1067 2988 1184 3040 ducatos

168 3059 205 3112 K.
220 3060 229 3128 11
244 3064 261 3112 4
278 3059 414 3129 pinguem
432 3076 508 3128 prov.
529 3061 566 3114 Κ.
585 3062 594 3129 11
619 3064 652 3113 10
671 3060 805 3129 indignus
823 3060 1014 3127 stipendiatur
1031 3060 1186 3112 honoratur

168 3132 197 3184 et
207 3130 422 3185 sublimatan.
436 3133 447 3214 11
463 3136 495 3183 13
505 3130 671 3190 bubularius
682 3133 720 3186 K.
734 3134 743 3201 11
759 3132 832 3185 ltin
844 3131 1037 3185 coniuratione
1053 3129 1110 3182 ista
1124 3130 1161 3183 K.
1175 3128 1186 3200 11

169 3207 201 3255 16
221 3201 383 3271 Apostolice
398 3202 473 3257 enim
488 3202 548 3256 sedi
562 3202 659 3265 fideles
678 3205 787 3257 suntet
805 3202 945 3270 optimi'
919 3220 973 3255 vm
964 3202 1025 3255 ’.Κ
1039 3202 1048 3269 11
1064 3206 1096 3253 11
1116 3199 1185 3255 Oen-

168 3272 228 3327 cius
247 3274 284 3327 K
299 3276 309 3343 11
330 3278 363 3327 18
383 3274 597 3358 cognominatur
615 3276 653 3329 K
668 3274 904 3343 1119011111111
922 3272 1186 3355 Κ.1125111111-

168 3347 239 3399 11111
257 3346 287 3413 ff.
302 3346 505 3399 odiendium
522 3346 649 3401 11111111
663 3345 718 3399 V'
705 3362 737 3400 111
755 3361 840 3414 marp.
859 3346 869 3412 11
889 3349 923 3397 26
943 3344 1010 3411 qnia
1024 3343 1055 3397 in
1069 3343 1110 3397 eis
1124 3345 1162 3398 Κ.
1177 3346 1187 3413 1

168 3416 230 3469 28'
221 3434 252 3470 ιιι
271 3432 301 3470 se
319 3432 370 3470 sna
389 3418 481 3471 K-
501 3418 518 3471 t
539 3417 752 3471 carnificaeue
771 3421 833 3470 teste
851 3417 923 3470 Vin
941 3433 1027 3485 usurp.
1041 3418 1099 3484 1129
1119 3417 1136 3470 l.
1151 3416 1185 3469 Π.

167 3488 198 3553 ff
217 3489 438 3571 1111911111
462 3487 515 3542 V
507 3506 537 3541 111
555 3504 653 3558 marg,
676 3487 727 3541 ubi
749 3488 909 3555 praeterea:
940 3488 1132 3597 Tarquinium.
1152 3519 1187 3527 -

169 3574 229 3613 esse
248 3558 403 3613 violentum
422 3561 459 3614 Κ.
