2659 3909
188 258 233 323 50
685 255 724 309 IX

189 410 286 467 Marte
308 410 379 467 tuos
401 406 584 483 propiusque
607 407 721 466 malum
742 407 778 466 fit
800 406 900 468 deside
923 424 1002 466 eura.

191 498 223 557 Si
245 501 275 556 te
298 497 383 556 nulla
405 497 507 555 movet
529 497 625 572 pietas
649 499 680 555 et
702 497 800 574 gloria
822 496 896 555 belli

190 587 290 663 Atque
313 586 417 645 eadem
438 604 521 645 mens
545 596 598 661 est,
622 588 675 661 qui
697 604 751 645 nos
773 604 879 663 urgere
901 588 1032 660 tuentur,

192 675 320 735 Servitio
343 676 444 751 potius
467 678 585 749 premat
607 676 638 731 et
661 674 832 734 dominetur
854 674 997 749 Amymas

135 788 175 827 mo
189 764 287 834 Quam
309 767 362 823 tua
385 766 452 823 iura
475 764 584 822 volent.
630 764 696 841 Ego
718 766 749 823 te
772 765 835 823 sate
859 765 1003 841 sanguine
1026 763 1089 822 Iuli-

187 855 246 913 Per
267 853 400 930 patriam
423 855 453 911 et
477 852 619 929 quiequid
641 871 696 927 pro
719 852 874 929 relligione
897 853 1037 912 decorum
1059 856 1106 912 est

189 941 339 1017 Obtestor,
360 961 415 1019 per
437 942 524 1019 signa
547 943 651 1017 erucis,
675 960 766 1017 quam
789 942 895 1001 demon
918 942 950 1000 in
974 942 1063 1000 oroho

189 1032 315 1091 Horruit
337 1031 517 1105 effractoque
541 1032 663 1107 expavit
686 1029 830 1090 Cerberus
854 1034 941 1091 antro

189 1122 331 1181 Eumenis
355 1123 385 1178 et
408 1120 468 1179 diri
490 1119 598 1179 siluere
621 1120 747 1180 Exionis
770 1138 848 1194 axes,

136 1232 175 1273 ms
189 1209 279 1269 Haud
303 1211 386 1285 operi
409 1208 527 1283 desiste,
550 1209 655 1267 ducem
677 1211 769 1284 eaput
790 1209 929 1268 omnibus
952 1210 1044 1267 armis

189 1299 395 1377 Anguigerum
421 1301 450 1357 et
472 1300 545 1357 totis
569 1299 624 1374 qui
646 1298 786 1376 gentibus
809 1300 936 1374 imperet
958 1316 1035 1356 unus

188 1388 341 1449 Instituas.
389 1386 462 1463 Spes
485 1388 517 1445 in
540 1390 570 1446 te
594 1388 699 1461 omnis
721 1390 756 1445 tu
779 1387 923 1447 Romulus
945 1386 1006 1462 ille,

190 1478 235 1536 Tu
257 1477 416 1537 Marcellus
439 1478 506 1551 eris,
529 1475 637 1535 Decius
660 1480 695 1535 tu
719 1475 828 1535 Caesar
850 1478 881 1535 et
904 1475 991 1536 ambo

190 1565 348 1643 Scipiadae
371 1567 402 1624 et
424 1564 566 1641 quioquid
588 1566 685 1624 virtus
708 1565 844 1623 Romana
866 1565 1003 1624 dedisset.

137 1678 176 1718 170
191 1656 319 1731 Tempus
344 1656 410 1727 erit,
434 1673 492 1730 quo
516 1653 555 1728 (si
578 1654 716 1712 dederint
737 1656 788 1729 pia
811 1654 934 1712 numina
956 1644 1066 1734 vitam)

190 1744 308 1804 Primus
332 1744 457 1802 odorata
479 1743 635 1803 redimitus
658 1743 913 1818 temporalium,

190 1834 231 1892 Ni
253 1837 306 1892 tua
329 1832 471 1892 maiestas
495 1852 613 1891 carmen
637 1832 764 1891 mortale
785 1836 910 1907 recuset,

190 1921 287 1981 Marte
310 1922 512 1997 triumphatas
536 1923 676 1998 aooingar
699 1921 796 1980 dicere
819 1923 930 1999 gentes.

191 2424 304 2481 Oraoii
330 2424 476 2480 Romani
503 2425 547 2479 ad
574 2424 676 2481 Pium
697 2423 743 2480 11.
766 2423 866 2481 Pont.
889 2424 980 2479 Max.
1008 2424 1051 2479 de
1078 2424 1206 2493 pietate

191 2515 284 2571 unde
307 2513 443 2569 dicatur
462 2516 497 2568 et
518 2514 612 2583 quod
634 2513 741 2581 quina
762 2513 872 2582 pietas
890 2513 935 2568 sit
953 2514 991 2568 in
1008 2513 1070 2569 Pio
1090 2527 1206 2583 quem·
1318 2523 1319 2526 ’

192 2603 379 2660 admodum
421 2601 573 2672 quinque
613 2602 717 2657 lunae
753 2602 792 2657 in
828 2602 930 2658 arnna
972 2602 1206 2671 designantur,

249 2693 360 2761 prima
382 2690 420 2746 in
442 2692 557 2759 deum,
581 2692 734 2747 secunda
758 2694 821 2746 eto.
844 2694 885 2747 ut
907 2690 945 2745 in
967 2692 1152 2762 proposito.

192 2814 218 2871 Ii
240 2813 322 2872 Iovis
346 2815 414 2870 aute
437 2812 588 2886 thronum,
612 2813 753 2887 quoniam
776 2829 837 2870 non
859 2830 1017 2888 possumus
1040 2813 1108 2887 ipsi,

236 2901 322 2962 Unde
345 2901 399 2960 Pio
423 2920 531 2960 nomen
554 2901 674 2960 consule
699 2900 828 2977 Caliope‚

192 2991 277 3050 Unde
302 3009 403 3069 genus,
428 2990 535 3065 quibus
560 2991 711 3065 eloquium
734 2991 770 3049 de
793 2990 926 3049 fontibus
949 2990 1059 3064 hausit,

236 3079 355 3157 Ingenii
377 3081 474 3139 virtus
496 3079 575 3138 uude
598 3080 637 3138 sit
660 3079 714 3138 illa
738 3079 792 3137 sui.

167 3169 274 3229 sHaeo
298 3187 352 3245 ego
376 3168 426 3227 vix
449 3168 548 3227 Pietas
570 3168 650 3228 Iovis
674 3168 705 3225 id
727 3169 791 3226 sine
815 3170 935 3227 numine
957 3185 1078 3243 possum

237 3258 357 3317 Dicere:
380 3257 415 3316 fit
436 3276 545 3316 nomen
568 3276 587 3315 a
609 3259 722 3331 pietate
745 3255 808 3315 Pio.

195 3345 300 3406 Cetera
323 3345 395 3422 quid
417 3347 545 3418 referam
568 3346 690 3403 caelesti
712 3344 803 3422 digua
826 3344 971 3405 coturno?

237 3436 306 3495 Non
329 3439 399 3493 sunt
421 3434 543 3493 mortali
565 3433 752 3493 nobilitanda
775 3434 849 3510 lyra.

264 3621 310 3676 IX.
330 3621 507 3676 Af01.157¹.
527 3622 550 3674 B
569 3620 617 3675 fol.
633 3627 703 3677 148‘.
