2659 3909
145 168 210 222 XIV
548 169 755 224 PRAEFATIO

146 321 259 379 erravit
291 321 371 377 enim
393 320 541 396 losephus
565 319 703 398 Gugnoni
729 321 777 381 vir
808 322 1004 396 clarissimus,
1037 341 1104 382 cum
1130 326 1164 382 in

146 407 291 485 Ohigiano
324 429 417 467 unum
444 409 565 468 Horatii
597 428 715 469 carmen
747 412 876 469 inveniri
907 412 982 469 mihi
1013 411 1164 487 scriberet,

146 496 226 573 quod
249 497 364 557 deesset
384 498 417 555 in
440 492 656 577 Tergestino.¹)

213 586 327 655 Quibus
349 588 381 645 in
405 587 555 647 codicibus
580 607 655 663 quae
679 589 819 666 leguntur
842 588 975 647 earmina
992 588 1165 649 Horatiana

145 676 218 734 haec
241 678 323 734 sunt:

214 768 242 823 1.
266 764 538 842 Epigrammata
565 784 702 841 novem,
731 784 858 841 quorum
885 768 1015 841 primum
1039 770 1084 825 est
1105 786 1162 843 pro

144 854 309 929 prooemi03
340 871 442 913 eorum
470 873 545 929 quae
576 856 742 929 sequuntur
770 855 842 914 bina
863 855 908 913 ita
937 857 1016 914 inter
1038 874 1069 914 se
1093 875 1163 915 con·

143 944 245 1001 iuncta
268 944 347 1016 sunt,
360 944 395 1001 ut
418 942 544 1020 singulis
567 944 713 1018 distichis,
736 962 812 1018 quae
835 944 895 1020 ipsi
907 944 962 1003 Pio
985 948 1056 1003 sunt
1075 945 1162 1004 attri-

143 1031 226 1106 buta,
250 1033 403 1105 quaternis
425 1032 474 1090 vel
496 1032 589 1091 ternis
612 1032 792 1107 respondeat
813 1036 910 1108 poeta

211 1122 240 1178 2.
266 1117 413 1179 Oratius
453 1120 631 1181 Romanus
673 1121 737 1181 Pio
769 1121 801 1180 H
841 1125 937 1197 pont.
974 1142 1074 1198 max„
1110 1142 1164 1182 sex

143 1211 264 1267 tantum
297 1209 425 1268 disticha
462 1212 624 1271 continens.
671 1210 790 1286 Scripta
826 1211 966 1270 videntur
1001 1216 1164 1288 postquam

143 1298 278 1373 pontifex
292 1316 310 1357 a
329 1301 476 1358 conventu
490 1299 654 1358 Mantuano
669 1300 796 1358 Romam
809 1300 899 1358 rediit
914 1293 1032 1382 (Octob.
1050 1294 1161 1382 1460).

212 1388 239 1445 3.
264 1383 414 1445 Oratius
436 1388 615 1448 Romanus
638 1388 702 1447 Pio
725 1388 756 1446 Π
782 1393 877 1464 pont.
905 1409 991 1448 max.
1034 1389 1163 1449 Carmen

143 1474 264 1552 scripsit
290 1479 380 1551 poeta
412 1495 480 1535 cum
512 1476 654 1536 Mantuae
686 1481 921 1537 commoraretur
951 1480 1094 1555 pontifex,
1126 1484 1163 1538 ut

143 1566 294 1640 principes
317 1566 455 1641 Europae
486 1566 683 1641 civitatesque
713 1565 821 1625 Italiae
845 1567 883 1625 ad
912 1566 1025 1625 bellum
1054 1568 1162 1627 Turcis

142 1653 331 1713 inferendum
361 1654 536 1730 impelleret.
583 1655 715 1725 Quorum
740 1656 909 1732 principum
936 1656 1162 1732 potentissimos

141 1742 334 1803 Franciscum
358 1742 501 1802 Sfortiam
524 1746 554 1803 et
576 1745 787 1819 imperatorem
808 1744 993 1803 Fridericum
1016 1744 1063 1802 HI
1090 1748 1162 1821 post

141 1832 312 1907 pontificem
335 1832 431 1891 fusius
454 1832 620 1908 alloquitur
645 1832 842 1909 hortaturque
870 1834 998 1892 alterum
1021 1836 1055 1892 ut
1082 1833 1159 1892 desi-

142 1919 209 1980 diae
232 1920 342 1981 oblitus
365 1920 477 1980 bellum
500 1921 657 1981 moliretur
679 1922 868 1997 Venetosque
893 1925 922 1981 et
942 1921 1159 1998 Neapolitanos

142 2009 200 2068 sibi
232 2009 418 2087 adiungeret,
450 2012 578 2069 alterum
600 2012 637 2068 ut
658 2009 737 2069 bello
768 2012 848 2086 quod
871 2014 975 2070 contra
997 2011 1158 2070 Matthiam

143 2097 304 2158 Corvinum
327 2098 477 2175 Ungariae
510 2099 632 2177 gerebat
664 2100 773 2159 omisso
806 2101 951 2159 exercitus
982 2100 1015 2157 in
1044 2102 1160 2159 Tureos

142 2187 305 2248 diverteret
328 2187 531 2263 Sfortiamque
553 2189 591 2247 iis
614 2188 720 2247 ducem
742 2188 923 2265 praeficeret.

209 2279 237 2335 4.
267 2275 389 2336 Oracii
421 2277 572 2337 Romani
604 2276 646 2336 ad
683 2276 784 2335 Pium
806 2277 838 2335 H
873 2281 970 2353 pont.
997 2296 1083 2335 max.
1121 2276 1160 2336 de

141 2367 254 2441 pietate
287 2365 364 2424 unde
396 2366 515 2425 dicatur
546 2369 577 2424 et
609 2365 690 2441 quod
722 2368 814 2441 quina
845 2367 943 2441 pietas
975 2368 1016 2424 sit
1046 2368 1079 2424 in
1101 2366 1159 2425 Pio

141 2455 391 2531 quemadmodum
415 2457 546 2530 quinque
564 2455 653 2514 lunae
671 2456 705 2512 in
723 2456 814 2514 armis
838 2455 1041 2531 designantur,
1058 2457 1160 2530 prima

141 2539 173 2602 in
197 2544 293 2619 deum,
318 2544 447 2602 secunda
470 2546 525 2602 etc.
548 2546 585 2601 ut
607 2544 639 2601 in
666 2537 859 2622 pr[oposito].
905 2544 962 2603 Est
988 2548 1089 2603 autem
1112 2563 1159 2604 se-

142 2633 239 2693 cunda
261 2634 358 2708 pietas
381 2633 414 2690 in
436 2635 554 2708 patrem
572 2632 709 2706 Silvium,
731 2634 853 2691 tertiam
877 2632 1008 2692 celebrat
1030 2634 1159 2693 clemen·

140 2724 216 2780 tiam
241 2740 300 2797 qua
321 2722 355 2779 in
377 2722 473 2781 victos
496 2721 596 2780 hostes
619 2724 766 2796 uteretur,
795 2724 934 2797 quartam
957 2724 1078 2782 nativae
1101 2724 1158 2781 tel·

140 2811 214 2869 luris
238 2829 379 2885 amorem,
413 2809 523 2869 artium
550 2812 750 2887 ingenuarum
777 2811 909 2870 studium
941 2814 1158 2888 poetarumque

139 2901 274 2960 favorem
295 2900 441 2958 ultimam.

207 2989 314 3049 Restat
339 2990 372 3046 in
399 2988 518 3047 laudem
549 2988 737 3047 Francisei
768 2986 930 3048 Sfortiae
962 2988 1063 3047 ducis
1085 2986 1157 3045 Me·

141 3077 366 3138 diolanensis
396 3096 515 3137 carmen
539 3096 598 3153 quo
622 3077 661 3135 ad
690 3077 803 3135 bellum
826 3077 991 3137 Turcorum
1020 3096 1088 3135 eum
1110 3078 1158 3135 in-

140 3169 250 3227 citaret
276 3166 364 3227 simul
387 3185 455 3226 cum
481 3168 572 3225 tertio
601 3167 766 3225 carminum
789 3166 828 3225 ad
853 3165 940 3225 Pium
962 3165 995 3224 H
1026 3165 1158 3225 demina·

140 3260 240 3317 torum
269 3258 478 3333 conscriptum,
508 3257 591 3315 cuius
615 3274 630 3314 e
661 3255 797 3316 versibus
824 3255 987 3314 miserrime
1015 3257 1060 3314 est
1087 3273 1158 3315 con·

140 3349 241 3405 sutum
263 3348 294 3406 ct
316 3346 565 3423 conglutinatum.
612 3344 765 3421 Descripsi
783 3364 798 3403 e
817 3344 916 3403 codice
936 3346 1021 3404 1437
1041 3344 1157 3403 Biblio-

212 3534 238 3603 1)
257 3532 336 3587 Neue
354 3534 531 3590 Jahrbuoher
550 3538 619 3589 1903
638 3532 658 3587 I.
674 3532 779 3589 Abteil
797 3532 849 3587 Bd.
863 3532 902 3586 XI
919 3551 948 3603 p.
964 3538 1015 3587 115
1034 3532 1069 3587 N.
1086 3537 1110 3587 1.
