<?xml version="1.0" encoding="UTF-8"?>
<!DOCTYPE html PUBLIC "-//W3C//DTD XHTML 1.0 Transitional//EN"
    "http://www.w3.org/TR/xhtml1/DTD/xhtml1-transitional.dtd">
<html xmlns="http://www.w3.org/1999/xhtml" xml:lang="en" lang="en">
 <head>
  <title>
</title>
<meta http-equiv="Content-Type" content="text/html;charset=utf-8" />
  <meta name='ocr-system' content='tesseract 3.04.00' />
  <meta name='ocr-capabilities' content='ocr_page ocr_carea ocr_par ocr_line ocrx_word'/>
</head>
<body>
  <div class='ocr_page' id='page_1' title='image "./horatiiromanipo00lehngoog_0043.png"; bbox 0 0 2659 3909; ppageno 0'>
   <div class='ocr_carea' id='block_1_1' title="bbox 568 230 753 286">
    <p class='ocr_par' dir='ltr' id='par_1_1' title="bbox 568 230 753 286">
     <span class='ocr_line' id='line_1_1' title="bbox 568 230 753 286; baseline 0.005 -2"><span class='ocrx_word' id='word_1_1' title='bbox 568 230 753 286; x_wconf 78' lang='lat' dir='ltr'><strong>PORCARIA</strong></span> 
     </span>
    </p>
   </div>
   <div class='ocr_carea' id='block_1_2' title="bbox 108 382 1024 1619">
    <p class='ocr_par' dir='ltr' id='par_1_2' title="bbox 149 382 965 548">
     <span class='ocr_line' id='line_1_2' title="bbox 149 382 882 460; baseline 0.004 -20"><span class='ocrx_word' id='word_1_2' title='bbox 149 382 358 458; x_wconf 77' lang='lat' dir='ltr'>Emissumque</span> <span class='ocrx_word' id='word_1_3' title='bbox 381 385 448 443; x_wconf 86' lang='lat' dir='ltr'>atra</span> <span class='ocrx_word' id='word_1_4' title='bbox 471 401 573 442; x_wconf 90' lang='lat' dir='ltr'>rursus</span> <span class='ocrx_word' id='word_1_5' title='bbox 595 384 703 442; x_wconf 85' lang='lat' dir='ltr'>tellure</span> <span class='ocrx_word' id='word_1_6' title='bbox 726 383 882 460; x_wconf 86' lang='lat' dir='ltr'>Tipbeum,</span> 
     </span>
     <span class='ocr_line' id='line_1_3' title="bbox 151 470 965 548; baseline 0.004 -19"><span class='ocrx_word' id='word_1_7' title='bbox 151 470 209 540; x_wconf 86' lang='lat' dir='ltr'>Qui</span> <span class='ocrx_word' id='word_1_8' title='bbox 232 490 354 548; x_wconf 89' lang='lat' dir='ltr'>superos</span> <span class='ocrx_word' id='word_1_9' title='bbox 376 491 461 531; x_wconf 86' lang='lat' dir='ltr'>ruere</span> <span class='ocrx_word' id='word_1_10' title='bbox 484 475 515 531; x_wconf 87' lang='lat' dir='ltr'>et</span> <span class='ocrx_word' id='word_1_11' title='bbox 538 472 652 531; x_wconf 91' lang='lat' dir='ltr'>caelum</span> <span class='ocrx_word' id='word_1_12' title='bbox 674 473 840 533; x_wconf 77' lang='lat' dir='ltr'>rescindere</span> <span class='ocrx_word' id='word_1_13' title='bbox 863 476 965 548; x_wconf 86' lang='lat' dir='ltr'>certet,</span> 
     </span>
    </p>

    <p class='ocr_par' dir='ltr' id='par_1_3' title="bbox 110 559 1024 994">
     <span class='ocr_line' id='line_1_4' title="bbox 110 559 1017 638; baseline -0.001 -17"><span class='ocrx_word' id='word_1_14' title='bbox 110 582 136 621; x_wconf 82' lang='grc' dir='ltr'>ιο</span> <span class='ocrx_word' id='word_1_15' title='bbox 151 559 283 636; x_wconf 79' lang='lat' dir='ltr'>Quisque</span> <span class='ocrx_word' id='word_1_16' title='bbox 305 561 403 619; x_wconf 86' lang='lat' dir='ltr'>refert.</span> <span class='ocrx_word' id='word_1_17' title='bbox 451 559 551 619; x_wconf 81' lang='lat' dir='ltr'>Gemit</span> <span class='ocrx_word' id='word_1_18' title='bbox 572 562 632 619; x_wconf 90' lang='lat' dir='ltr'>ille·</span> <span class='ocrx_word' id='word_1_19' title='bbox 647 579 717 622; x_wconf 90' lang='lat' dir='ltr'>suos</span> <span class='ocrx_word' id='word_1_20' title='bbox 739 563 863 638; x_wconf 82' lang='lat' dir='ltr'>liquisse</span> <span class='ocrx_word' id='word_1_21' title='bbox 884 565 1017 638; x_wconf 64' lang='lat' dir='ltr'>penates</span> 
     </span>
     <span class='ocr_line' id='line_1_5' title="bbox 149 649 1024 728; baseline 0.002 -21"><span class='ocrx_word' id='word_1_22' title='bbox 149 649 206 708; x_wconf 93' lang='lat' dir='ltr'>Hic</span> <span class='ocrx_word' id='word_1_23' title='bbox 229 651 359 726; x_wconf 87' lang='lat' dir='ltr'>patriam</span> <span class='ocrx_word' id='word_1_24' title='bbox 383 653 413 709; x_wconf 88' lang='lat' dir='ltr'>et</span> <span class='ocrx_word' id='word_1_25' title='bbox 435 649 526 728; x_wconf 80' lang='lat' dir='ltr'>longa</span> <span class='ocrx_word' id='word_1_26' title='bbox 549 651 716 709; x_wconf 87' lang='lat' dir='ltr'>confectum</span> <span class='ocrx_word' id='word_1_27' title='bbox 740 655 839 711; x_wconf 90' lang='lat' dir='ltr'>aetate</span> <span class='ocrx_word' id='word_1_28' title='bbox 861 654 1024 727; x_wconf 89' lang='lat' dir='ltr'>parentem,</span> 
     </span>
     <span class='ocr_line' id='line_1_6' title="bbox 149 735 936 816; baseline 0.003 -19"><span class='ocrx_word' id='word_1_29' title='bbox 149 738 363 814; x_wconf 86' lang='lat' dir='ltr'>Plorantesque</span> <span class='ocrx_word' id='word_1_30' title='bbox 386 739 463 798; x_wconf 89' lang='lat' dir='ltr'>alius</span> <span class='ocrx_word' id='word_1_31' title='bbox 487 739 600 816; x_wconf 80' lang='lat' dir='ltr'>gremio</span> <span class='ocrx_word' id='word_1_32' title='bbox 624 742 769 800; x_wconf 87' lang='lat' dir='ltr'>consortis</span> <span class='ocrx_word' id='word_1_33' title='bbox 793 735 936 800; x_wconf 86' lang='lat' dir='ltr'>alumnos.</span> 
     </span>
     <span class='ocr_line' id='line_1_7' title="bbox 148 827 934 903; baseline 0.004 -18"><span class='ocrx_word' id='word_1_34' title='bbox 148 827 239 886; x_wconf 84' lang='lat' dir='ltr'>illum</span> <span class='ocrx_word' id='word_1_35' title='bbox 261 830 352 888; x_wconf 84' lang='lat' dir='ltr'>vexat</span> <span class='ocrx_word' id='word_1_36' title='bbox 374 846 466 903; x_wconf 84' lang='lat' dir='ltr'>amor,</span> <span class='ocrx_word' id='word_1_37' title='bbox 489 828 605 887; x_wconf 82' lang='lat' dir='ltr'>facinus</span> <span class='ocrx_word' id='word_1_38' title='bbox 628 829 773 889; x_wconf 81' lang='lat' dir='ltr'>formidat</span> <span class='ocrx_word' id='word_1_39' title='bbox 795 833 826 889; x_wconf 91' lang='lat' dir='ltr'>et</span> <span class='ocrx_word' id='word_1_40' title='bbox 849 830 934 888; x_wconf 89' lang='lat' dir='ltr'>ardet</span> 
     </span>
     <span class='ocr_line' id='line_1_8' title="bbox 150 914 995 994; baseline 0 -19"><span class='ocrx_word' id='word_1_41' title='bbox 150 916 292 994; x_wconf 80' lang='lat' dir='ltr'>Coniugis</span> <span class='ocrx_word' id='word_1_42' title='bbox 315 918 482 993; x_wconf 85' lang='lat' dir='ltr'>amplexus:</span> <span class='ocrx_word' id='word_1_43' title='bbox 505 915 577 986; x_wconf 88' lang='lat' dir='ltr'>Quis</span> <span class='ocrx_word' id='word_1_44' title='bbox 600 920 631 976; x_wconf 87' lang='lat' dir='ltr'>te</span> <span class='ocrx_word' id='word_1_45' title='bbox 653 914 733 977; x_wconf 68' lang='lat' dir='ltr'>no&#39;va</span> <span class='ocrx_word' id='word_1_46' title='bbox 754 922 851 994; x_wconf 88' lang='lat' dir='ltr'>nupta</span> <span class='ocrx_word' id='word_1_47' title='bbox 873 918 995 993; x_wconf 86' lang='lat' dir='ltr'>fovebit,</span> 
     </span>
    </p>

    <p class='ocr_par' dir='ltr' id='par_1_4' title="bbox 109 1005 997 1439">
     <span class='ocr_line' id='line_1_9' title="bbox 109 1005 983 1084; baseline -0.002 -17"><span class='ocrx_word' id='word_1_48' title='bbox 109 1026 134 1067; x_wconf 87' lang='lat' dir='ltr'>1s</span> <span class='ocrx_word' id='word_1_49' title='bbox 149 1005 272 1084; x_wconf 74' lang='lat' dir='ltr'>Frigida</span> <span class='ocrx_word' id='word_1_50' title='bbox 295 1023 362 1065; x_wconf 92' lang='lat' dir='ltr'>cum</span> <span class='ocrx_word' id='word_1_51' title='bbox 384 1005 516 1065; x_wconf 78' lang='lat' dir='ltr'>lacrimis</span> <span class='ocrx_word' id='word_1_52' title='bbox 540 1007 641 1066; x_wconf 88' lang='lat' dir='ltr'>oculos</span> <span class='ocrx_word' id='word_1_53' title='bbox 664 1008 829 1066; x_wconf 81' lang='lat' dir='ltr'>tumefacta</span> <span class='ocrx_word' id='word_1_54' title='bbox 851 1005 983 1067; x_wconf 80' lang='lat' dir='ltr'>iacebis?</span> 
     </span>
     <span class='ocr_line' id='line_1_10' title="bbox 150 1092 997 1172; baseline 0.004 -20"><span class='ocrx_word' id='word_1_55' title='bbox 150 1094 228 1164; x_wconf 88' lang='lat' dir='ltr'>Quin</span> <span class='ocrx_word' id='word_1_56' title='bbox 252 1096 344 1153; x_wconf 84' lang='lat' dir='ltr'>etiarn</span> <span class='ocrx_word' id='word_1_57' title='bbox 367 1094 485 1154; x_wconf 87' lang='lat' dir='ltr'>sceleris</span> <span class='ocrx_word' id='word_1_58' title='bbox 508 1092 661 1172; x_wconf 81' lang='lat' dir='ltr'>trepidant</span> <span class='ocrx_word' id='word_1_59' title='bbox 684 1096 853 1157; x_wconf 86' lang='lat' dir='ltr'>meminisse</span> <span class='ocrx_word' id='word_1_60' title='bbox 876 1096 997 1156; x_wconf 81' lang='lat' dir='ltr'>nefandi</span> 
     </span>
     <span class='ocr_line' id='line_1_11' title="bbox 148 1183 870 1262; baseline 0.006 -21"><span class='ocrx_word' id='word_1_61' title='bbox 148 1183 350 1259; x_wconf 90' lang='lat' dir='ltr'>Damnatique</span> <span class='ocrx_word' id='word_1_62' title='bbox 373 1202 462 1245; x_wconf 88' lang='lat' dir='ltr'>ausus</span> <span class='ocrx_word' id='word_1_63' title='bbox 486 1186 588 1243; x_wconf 90' lang='lat' dir='ltr'>miseri</span> <span class='ocrx_word' id='word_1_64' title='bbox 610 1184 636 1243; x_wconf 89' lang='lat' dir='ltr'>si</span> <span class='ocrx_word' id='word_1_65' title='bbox 658 1204 744 1262; x_wconf 87' lang='lat' dir='ltr'>posse</span> <span class='ocrx_word' id='word_1_66' title='bbox 766 1185 870 1245; x_wconf 87' lang='lat' dir='ltr'>liceret</span> 
     </span>
     <span class='ocr_line' id='line_1_12' title="bbox 148 1271 932 1351; baseline 0.005 -21"><span class='ocrx_word' id='word_1_67' title='bbox 148 1271 335 1333; x_wconf 90' lang='lat' dir='ltr'>Paenituisse</span> <span class='ocrx_word' id='word_1_68' title='bbox 358 1273 464 1332; x_wconf 86' lang='lat' dir='ltr'>volunt</span> <span class='ocrx_word' id='word_1_69' title='bbox 485 1273 624 1334; x_wconf 85' lang='lat' dir='ltr'>lacrimas</span> <span class='ocrx_word' id='word_1_70' title='bbox 647 1292 794 1351; x_wconf 86' lang='lat' dir='ltr'>vocesque</span> <span class='ocrx_word' id='word_1_71' title='bbox 815 1275 932 1351; x_wconf 84' lang='lat' dir='ltr'>profusi</span> 
     </span>
     <span class='ocr_line' id='line_1_13' title="bbox 149 1360 920 1439; baseline 0.008 -21"><span class='ocrx_word' id='word_1_72' title='bbox 149 1360 272 1420; x_wconf 79' lang='lat' dir='ltr'>Talibus</span> <span class='ocrx_word' id='word_1_73' title='bbox 296 1364 427 1422; x_wconf 73' lang='lat' dir='ltr'>errantes</span> <span class='ocrx_word' id='word_1_74' title='bbox 450 1362 562 1423; x_wconf 85' lang='lat' dir='ltr'>feriunt</span> <span class='ocrx_word' id='word_1_75' title='bbox 584 1363 795 1439; x_wconf 80' lang='lat' dir='ltr'>conquestibus</span> <span class='ocrx_word' id='word_1_76' title='bbox 818 1382 920 1424; x_wconf 89' lang='lat' dir='ltr'>auras:</span> 
     </span>
    </p>

    <p class='ocr_par' dir='ltr' id='par_1_5' title="bbox 108 1447 972 1619">
     <span class='ocr_line' id='line_1_14' title="bbox 108 1447 972 1529; baseline 0.001 -19"><span class='ocrx_word' id='word_1_77' title='bbox 108 1471 134 1511; x_wconf 84' lang='lat' dir='ltr'>ec</span> <span class='ocrx_word' id='word_1_78' title='bbox 149 1447 223 1518; x_wconf 87' lang='lat' dir='ltr'>Quis</span> <span class='ocrx_word' id='word_1_79' title='bbox 246 1450 318 1510; x_wconf 88' lang='lat' dir='ltr'>deus</span> <span class='ocrx_word' id='word_1_80' title='bbox 340 1452 373 1509; x_wconf 92' lang='lat' dir='ltr'>in</span> <span class='ocrx_word' id='word_1_81' title='bbox 395 1451 539 1525; x_wconf 80' lang='lat' dir='ltr'>fraudem,</span> <span class='ocrx_word' id='word_1_82' title='bbox 563 1470 639 1529; x_wconf 90' lang='lat' dir='ltr'>quae</span> <span class='ocrx_word' id='word_1_83' title='bbox 661 1471 716 1512; x_wconf 90' lang='lat' dir='ltr'>nos</span> <span class='ocrx_word' id='word_1_84' title='bbox 739 1454 857 1513; x_wconf 89' lang='lat' dir='ltr'>insania</span> <span class='ocrx_word' id='word_1_85' title='bbox 879 1452 972 1513; x_wconf 81' lang='lat' dir='ltr'>traxit</span> 
     </span>
     <span class='ocr_line' id='line_1_15' title="bbox 148 1538 934 1619; baseline 0.004 -22"><span class='ocrx_word' id='word_1_86' title='bbox 148 1539 307 1599; x_wconf 85' lang='lat' dir='ltr'>Attentare</span> <span class='ocrx_word' id='word_1_87' title='bbox 330 1538 435 1599; x_wconf 82' lang='lat' dir='ltr'>nefas?</span> <span class='ocrx_word' id='word_1_88' title='bbox 458 1538 602 1599; x_wconf 83' lang='lat' dir='ltr'>Sanctum</span> <span class='ocrx_word' id='word_1_89' title='bbox 623 1542 756 1600; x_wconf 87' lang='lat' dir='ltr'>lacerare</span> <span class='ocrx_word' id='word_1_90' title='bbox 778 1546 934 1619; x_wconf 87' lang='lat' dir='ltr'>parentem</span> 
     </span>
    </p>
   </div>
   <div class='ocr_carea' id='block_1_3' title="bbox 149 1628 1186 1708">
    <p class='ocr_par' dir='ltr' id='par_1_6' title="bbox 149 1628 1186 1708">
     <span class='ocr_line' id='line_1_16' title="bbox 149 1628 1186 1708; baseline 0.005 -23"><span class='ocrx_word' id='word_1_91' title='bbox 149 1628 189 1685; x_wconf 77' lang='lat' dir='ltr'>lit</span> <span class='ocrx_word' id='word_1_92' title='bbox 212 1628 325 1688; x_wconf 90' lang='lat' dir='ltr'>violare</span> <span class='ocrx_word' id='word_1_93' title='bbox 347 1646 464 1688; x_wconf 87' lang='lat' dir='ltr'>sacrum</span> <span class='ocrx_word' id='word_1_94' title='bbox 486 1630 674 1705; x_wconf 87' lang='lat' dir='ltr'>populosque</span> <span class='ocrx_word' id='word_1_95' title='bbox 696 1632 730 1690; x_wconf 93' lang='lat' dir='ltr'>in</span> <span class='ocrx_word' id='word_1_96' title='bbox 751 1649 826 1707; x_wconf 89' lang='lat' dir='ltr'>pace</span> <span class='ocrx_word' id='word_1_97' title='bbox 848 1632 983 1708; x_wconf 88' lang='lat' dir='ltr'>repostos</span> <span class='ocrx_word' id='word_1_98' title='bbox 1060 1677 1064 1690; x_wconf 92' lang='lat'><strong>.</strong></span> <span class='ocrx_word' id='word_1_99' title='bbox 1181 1634 1186 1645; x_wconf 90' lang='lat'>&#39;</span> 
     </span>
    </p>
   </div>
   <div class='ocr_carea' id='block_1_4' title="bbox 107 1717 1085 2775">
    <p class='ocr_par' dir='ltr' id='par_1_7' title="bbox 107 1717 1085 2775">
     <span class='ocr_line' id='line_1_17' title="bbox 147 1717 1003 1799; baseline 0.005 -25"><span class='ocrx_word' id='word_1_100' title='bbox 147 1717 272 1777; x_wconf 82' lang='lat' dir='ltr'>Vertere</span> <span class='ocrx_word' id='word_1_101' title='bbox 294 1720 326 1776; x_wconf 94' lang='lat' dir='ltr'>in</span> <span class='ocrx_word' id='word_1_102' title='bbox 350 1719 545 1779; x_wconf 88' lang='lat' dir='ltr'>armasimul</span> <span class='ocrx_word' id='word_1_103' title='bbox 569 1720 707 1795; x_wconf 86' lang='lat' dir='ltr'>civesque</span> <span class='ocrx_word' id='word_1_104' title='bbox 731 1720 846 1799; x_wconf 83' lang='lat' dir='ltr'>agitare</span> <span class='ocrx_word' id='word_1_105' title='bbox 869 1721 1003 1779; x_wconf 84' lang='lat' dir='ltr'>tumultu</span> 
     </span>
     <span class='ocr_line' id='line_1_18' title="bbox 147 1806 1048 1884; baseline 0.001 -19"><span class='ocrx_word' id='word_1_106' title='bbox 147 1806 215 1866; x_wconf 88' lang='lat' dir='ltr'>Non</span> <span class='ocrx_word' id='word_1_107' title='bbox 237 1806 347 1884; x_wconf 85' lang='lat' dir='ltr'>puduit</span> <span class='ocrx_word' id='word_1_108' title='bbox 369 1809 500 1867; x_wconf 90' lang='lat' dir='ltr'>miseros.</span> <span class='ocrx_word' id='word_1_109' title='bbox 547 1806 625 1877; x_wconf 82' lang='lat' dir='ltr'>Quid</span> <span class='ocrx_word' id='word_1_110' title='bbox 648 1809 727 1867; x_wconf 90' lang='lat' dir='ltr'>enim</span> <span class='ocrx_word' id='word_1_111' title='bbox 750 1808 898 1869; x_wconf 87' lang='lat' dir='ltr'>crudelius</span> <span class='ocrx_word' id='word_1_112' title='bbox 921 1827 1048 1884; x_wconf 86' lang='lat' dir='ltr'>usquam</span> 
     </span>
     <span class='ocr_line' id='line_1_19' title="bbox 108 1894 1019 1975; baseline -0.001 -19"><span class='ocrx_word' id='word_1_113' title='bbox 108 1916 134 1956; x_wconf 80' lang='lat' dir='ltr'>ss</span> <span class='ocrx_word' id='word_1_114' title='bbox 147 1894 305 1971; x_wconf 85' lang='lat' dir='ltr'>Prospexit</span> <span class='ocrx_word' id='word_1_115' title='bbox 327 1896 418 1956; x_wconf 89' lang='lat' dir='ltr'>tellus</span> <span class='ocrx_word' id='word_1_116' title='bbox 441 1899 665 1973; x_wconf 71' lang='lat' dir='ltr'>mensuumque</span> <span class='ocrx_word' id='word_1_117' title='bbox 688 1898 800 1957; x_wconf 87' lang='lat' dir='ltr'>infame</span> <span class='ocrx_word' id='word_1_118' title='bbox 822 1917 876 1975; x_wconf 91' lang='lat' dir='ltr'>per</span> <span class='ocrx_word' id='word_1_119' title='bbox 898 1896 1019 1957; x_wconf 81' lang='lat' dir='ltr'>orbem?</span> 
     </span>
     <span class='ocr_line' id='line_1_20' title="bbox 148 1982 934 2063; baseline 0.004 -20"><span class='ocrx_word' id='word_1_120' title='bbox 148 1982 209 2044; x_wconf 87' lang='lat' dir='ltr'>Ora</span> <span class='ocrx_word' id='word_1_121' title='bbox 231 1986 328 2044; x_wconf 86' lang='lat' dir='ltr'>virum</span> <span class='ocrx_word' id='word_1_122' title='bbox 351 1986 436 2045; x_wconf 84' lang='lat' dir='ltr'>vivos</span> <span class='ocrx_word' id='word_1_123' title='bbox 458 2004 512 2046; x_wconf 89' lang='lat' dir='ltr'>nos</span> <span class='ocrx_word' id='word_1_124' title='bbox 536 1989 657 2063; x_wconf 89' lang='lat' dir='ltr'>etpost</span> <span class='ocrx_word' id='word_1_125' title='bbox 681 1988 746 2047; x_wconf 89' lang='lat' dir='ltr'>fata</span> <span class='ocrx_word' id='word_1_126' title='bbox 767 1988 934 2063; x_wconf 89' lang='lat' dir='ltr'>loquentur.</span> 
     </span>
     <span class='ocr_line' id='line_1_21' title="bbox 146 2066 1085 2156; baseline 0.002 -25"><span class='ocrx_word' id='word_1_127' title='bbox 146 2073 210 2133; x_wconf 87' lang='lat' dir='ltr'>Nec</span> <span class='ocrx_word' id='word_1_128' title='bbox 231 2073 331 2135; x_wconf 88' lang='lat' dir='ltr'>minus</span> <span class='ocrx_word' id='word_1_129' title='bbox 355 2076 484 2133; x_wconf 90' lang='lat' dir='ltr'>attonita</span> <span class='ocrx_word' id='word_1_130' title='bbox 508 2066 706 2154; x_wconf 85' lang='lat' dir='ltr'>(quamquam</span> <span class='ocrx_word' id='word_1_131' title='bbox 728 2077 820 2135; x_wconf 89' lang='lat' dir='ltr'>timor</span> <span class='ocrx_word' id='word_1_132' title='bbox 842 2068 934 2156; x_wconf 85' lang='lat' dir='ltr'>absit)</span> <span class='ocrx_word' id='word_1_133' title='bbox 957 2076 989 2134; x_wconf 92' lang='lat' dir='ltr'>in</span> <span class='ocrx_word' id='word_1_134' title='bbox 1012 2076 1085 2135; x_wconf 90' lang='lat' dir='ltr'>urbe</span> 
     </span>
     <span class='ocr_line' id='line_1_22' title="bbox 147 2162 943 2241; baseline 0.003 -20"><span class='ocrx_word' id='word_1_135' title='bbox 147 2162 270 2221; x_wconf 84' lang='lat' dir='ltr'>Flebilis</span> <span class='ocrx_word' id='word_1_136' title='bbox 293 2162 415 2222; x_wconf 79' lang='lat' dir='ltr'>auditur</span> <span class='ocrx_word' id='word_1_137' title='bbox 438 2167 573 2240; x_wconf 87' lang='lat' dir='ltr'>questus:</span> <span class='ocrx_word' id='word_1_138' title='bbox 597 2165 691 2241; x_wconf 86' lang='lat' dir='ltr'>gemit</span> <span class='ocrx_word' id='word_1_139' title='bbox 712 2165 767 2224; x_wconf 93' lang='lat' dir='ltr'>illa</span> <span class='ocrx_word' id='word_1_140' title='bbox 789 2164 943 2224; x_wconf 90' lang='lat' dir='ltr'>maritum</span> 
     </span>
     <span class='ocr_line' id='line_1_23' title="bbox 148 2250 1044 2331; baseline 0.003 -21"><span class='ocrx_word' id='word_1_141' title='bbox 148 2250 387 2327; x_wconf 83' lang='lat' dir='ltr'>Germanumque</span> <span class='ocrx_word' id='word_1_142' title='bbox 409 2271 501 2327; x_wconf 88' lang='lat' dir='ltr'>soror,</span> <span class='ocrx_word' id='word_1_143' title='bbox 522 2254 684 2331; x_wconf 82' lang='lat' dir='ltr'>profugum</span> <span class='ocrx_word' id='word_1_144' title='bbox 707 2254 789 2314; x_wconf 89' lang='lat' dir='ltr'>dolet</span> <span class='ocrx_word' id='word_1_145' title='bbox 811 2254 907 2313; x_wconf 88' lang='lat' dir='ltr'>altera</span> <span class='ocrx_word' id='word_1_146' title='bbox 929 2257 1044 2329; x_wconf 84' lang='lat' dir='ltr'>natum,</span> 
     </span>
     <span class='ocr_line' id='line_1_24' title="bbox 107 2339 1034 2420; baseline 0.001 -19"><span class='ocrx_word' id='word_1_147' title='bbox 107 2362 134 2401; x_wconf 89' lang='lat' dir='ltr'>sc</span> <span class='ocrx_word' id='word_1_148' title='bbox 148 2339 279 2415; x_wconf 82' lang='lat' dir='ltr'>Quisque</span> <span class='ocrx_word' id='word_1_149' title='bbox 302 2359 387 2399; x_wconf 90' lang='lat' dir='ltr'>suam</span> <span class='ocrx_word' id='word_1_150' title='bbox 409 2344 524 2401; x_wconf 90' lang='lat' dir='ltr'>maeret</span> <span class='ocrx_word' id='word_1_151' title='bbox 546 2345 666 2418; x_wconf 79' lang='lat' dir='ltr'>sortem,</span> <span class='ocrx_word' id='word_1_152' title='bbox 689 2342 775 2403; x_wconf 90' lang='lat' dir='ltr'>dolor</span> <span class='ocrx_word' id='word_1_153' title='bbox 797 2343 928 2420; x_wconf 89' lang='lat' dir='ltr'>undique</span> <span class='ocrx_word' id='word_1_154' title='bbox 950 2344 1034 2402; x_wconf 87' lang='lat' dir='ltr'>laxat</span> 
     </span>
     <span class='ocr_line' id='line_1_25' title="bbox 147 2428 972 2507; baseline 0.005 -20"><span class='ocrx_word' id='word_1_155' title='bbox 147 2428 282 2488; x_wconf 84' lang='lat' dir='ltr'>Fletibus</span> <span class='ocrx_word' id='word_1_156' title='bbox 305 2447 357 2488; x_wconf 91' lang='lat' dir='ltr'>ora</span> <span class='ocrx_word' id='word_1_157' title='bbox 380 2429 446 2505; x_wconf 86' lang='lat' dir='ltr'>piis.</span> <span class='ocrx_word' id='word_1_158' title='bbox 493 2431 618 2507; x_wconf 74' lang='lat' dir='ltr'>liipliei</span> <span class='ocrx_word' id='word_1_159' title='bbox 640 2435 706 2491; x_wconf 89' lang='lat' dir='ltr'>tum</span> <span class='ocrx_word' id='word_1_160' title='bbox 730 2434 833 2493; x_wconf 81' lang='lat' dir='ltr'>funere</span> <span class='ocrx_word' id='word_1_161' title='bbox 855 2435 972 2492; x_wconf 86' lang='lat' dir='ltr'>maesta</span> 
     </span>
     <span class='ocr_line' id='line_1_26' title="bbox 146 2512 1055 2603; baseline 0.007 -28"><span class='ocrx_word' id='word_1_162' title='bbox 146 2517 257 2595; x_wconf 81' lang='lat' dir='ltr'>Magna</span> <span class='ocrx_word' id='word_1_163' title='bbox 280 2537 388 2593; x_wconf 87' lang='lat' dir='ltr'>parens</span> <span class='ocrx_word' id='word_1_164' title='bbox 411 2520 520 2595; x_wconf 85' lang='lat' dir='ltr'>equitis</span> <span class='ocrx_word' id='word_1_165' title='bbox 544 2512 677 2601; x_wconf 89' lang='lat' dir='ltr'>(tantum</span> <span class='ocrx_word' id='word_1_166' title='bbox 701 2521 787 2581; x_wconf 89' lang='lat' dir='ltr'>dolor</span> <span class='ocrx_word' id='word_1_167' title='bbox 807 2522 932 2581; x_wconf 90' lang='lat' dir='ltr'>ultimus</span> <span class='ocrx_word' id='word_1_168' title='bbox 955 2513 1055 2603; x_wconf 83' lang='lat' dir='ltr'>angit)</span> 
     </span>
     <span class='ocr_line' id='line_1_27' title="bbox 148 2605 881 2685; baseline 0.007 -21"><span class='ocrx_word' id='word_1_169' title='bbox 148 2605 296 2665; x_wconf 75' lang='lat' dir='ltr'>Canitiem</span> <span class='ocrx_word' id='word_1_170' title='bbox 320 2608 449 2668; x_wconf 85' lang='lat' dir='ltr'>evellens</span> <span class='ocrx_word' id='word_1_171' title='bbox 472 2612 628 2685; x_wconf 86' lang='lat' dir='ltr'>terraeque</span> <span class='ocrx_word' id='word_1_172' title='bbox 650 2610 732 2669; x_wconf 89' lang='lat' dir='ltr'>illisa</span> <span class='ocrx_word' id='word_1_173' title='bbox 754 2610 881 2669; x_wconf 85' lang='lat' dir='ltr'>furentis</span> 
     </span>
     <span class='ocr_line' id='line_1_28' title="bbox 147 2695 941 2775; baseline 0.008 -23"><span class='ocrx_word' id='word_1_174' title='bbox 147 2695 230 2755; x_wconf 87' lang='lat' dir='ltr'>More</span> <span class='ocrx_word' id='word_1_175' title='bbox 252 2697 316 2753; x_wconf 90' lang='lat' dir='ltr'>ruit</span> <span class='ocrx_word' id='word_1_176' title='bbox 338 2697 495 2772; x_wconf 89' lang='lat' dir='ltr'>laceroque</span> <span class='ocrx_word' id='word_1_177' title='bbox 518 2717 607 2774; x_wconf 89' lang='lat' dir='ltr'>super</span> <span class='ocrx_word' id='word_1_178' title='bbox 629 2699 799 2775; x_wconf 90' lang='lat' dir='ltr'>procumbit</span> <span class='ocrx_word' id='word_1_179' title='bbox 822 2699 941 2774; x_wconf 80' lang='lat' dir='ltr'>amictu,</span> 
     </span>
    </p>
   </div>
   <div class='ocr_carea' id='block_1_5' title="bbox 0 2783 1014 2869">
    <p class='ocr_par' dir='ltr' id='par_1_8' title="bbox 0 2783 1014 2869">
     <span class='ocr_line' id='line_1_29' title="bbox 0 2783 1014 2869; baseline 0.001 -24"><span class='ocrx_word' id='word_1_180' title='bbox 0 2866 1 2869; x_wconf 8' lang='grc' dir='ltr'><strong>Ἴ</strong></span> <span class='ocrx_word' id='word_1_181' title='bbox 107 2804 132 2845; x_wconf 84' lang='lat' dir='ltr'>ss</span> <span class='ocrx_word' id='word_1_182' title='bbox 147 2783 274 2843; x_wconf 92' lang='lat' dir='ltr'>Lumina</span> <span class='ocrx_word' id='word_1_183' title='bbox 296 2804 375 2845; x_wconf 88' lang='lat' dir='ltr'>nunc</span> <span class='ocrx_word' id='word_1_184' title='bbox 398 2787 514 2862; x_wconf 83' lang='lat' dir='ltr'>palmis,</span> <span class='ocrx_word' id='word_1_185' title='bbox 537 2806 616 2847; x_wconf 89' lang='lat' dir='ltr'>nunc</span> <span class='ocrx_word' id='word_1_186' title='bbox 638 2787 788 2866; x_wconf 86' lang='lat' dir='ltr'>unguibus</span> <span class='ocrx_word' id='word_1_187' title='bbox 812 2806 864 2847; x_wconf 89' lang='lat' dir='ltr'>ora</span> <span class='ocrx_word' id='word_1_188' title='bbox 886 2789 1014 2862; x_wconf 82' lang='lat' dir='ltr'>lacessit,</span> 
     </span>
    </p>
   </div>
   <div class='ocr_carea' id='block_1_6' title="bbox 105 2873 1065 3665">
    <p class='ocr_par' dir='ltr' id='par_1_9' title="bbox 147 2873 973 2953">
     <span class='ocr_line' id='line_1_30' title="bbox 147 2873 973 2953; baseline 0.005 -21"><span class='ocrx_word' id='word_1_189' title='bbox 147 2873 234 2933; x_wconf 84' lang='lat' dir='ltr'>Nunc</span> <span class='ocrx_word' id='word_1_190' title='bbox 257 2876 398 2949; x_wconf 88' lang='lat' dir='ltr'>resupina</span> <span class='ocrx_word' id='word_1_191' title='bbox 420 2876 493 2950; x_wconf 86' lang='lat' dir='ltr'>solo,</span> <span class='ocrx_word' id='word_1_192' title='bbox 515 2894 593 2934; x_wconf 92' lang='lat' dir='ltr'>nunc</span> <span class='ocrx_word' id='word_1_193' title='bbox 616 2895 711 2953; x_wconf 88' lang='lat' dir='ltr'>prona</span> <span class='ocrx_word' id='word_1_194' title='bbox 734 2881 891 2953; x_wconf 85' lang='lat' dir='ltr'>exasperat</span> <span class='ocrx_word' id='word_1_195' title='bbox 912 2878 973 2936; x_wconf 89' lang='lat' dir='ltr'>iras</span> 
     </span>
    </p>

    <p class='ocr_par' dir='ltr' id='par_1_10' title="bbox 148 2960 829 3025">
     <span class='ocr_line' id='line_1_31' title="bbox 148 2960 829 3025; baseline 0.006 -4"><span class='ocrx_word' id='word_1_196' title='bbox 148 2960 282 3022; x_wconf 76' lang='lat' dir='ltr'>Crudelis</span> <span class='ocrx_word' id='word_1_197' title='bbox 305 2962 389 3023; x_wconf 85' lang='lat' dir='ltr'>divos</span> <span class='ocrx_word' id='word_1_198' title='bbox 413 2964 546 3023; x_wconf 85' lang='lat' dir='ltr'>crudelia</span> <span class='ocrx_word' id='word_1_199' title='bbox 568 2965 666 3025; x_wconf 88' lang='lat' dir='ltr'>sidera</span> <span class='ocrx_word' id='word_1_200' title='bbox 689 2966 829 3025; x_wconf 89' lang='lat' dir='ltr'>clamans.</span> 
     </span>
    </p>

    <p class='ocr_par' dir='ltr' id='par_1_11' title="bbox 146 3052 898 3130">
     <span class='ocr_line' id='line_1_32' title="bbox 146 3052 898 3130; baseline 0.007 -20"><span class='ocrx_word' id='word_1_201' title='bbox 146 3052 221 3112; x_wconf 88' lang='lat' dir='ltr'>Dira</span> <span class='ocrx_word' id='word_1_202' title='bbox 243 3071 350 3112; x_wconf 90' lang='lat' dir='ltr'>manus</span> <span class='ocrx_word' id='word_1_203' title='bbox 374 3052 476 3113; x_wconf 88' lang='lat' dir='ltr'>ambas</span> <span class='ocrx_word' id='word_1_204' title='bbox 497 3054 652 3130; x_wconf 88' lang='lat' dir='ltr'>nudosque</span> <span class='ocrx_word' id='word_1_205' title='bbox 675 3055 748 3113; x_wconf 92' lang='lat' dir='ltr'>elisa</span> <span class='ocrx_word' id='word_1_206' title='bbox 771 3055 898 3115; x_wconf 87' lang='lat' dir='ltr'>lacertos</span> 
     </span>
    </p>

    <p class='ocr_par' dir='ltr' id='par_1_12' title="bbox 105 3139 1065 3307">
     <span class='ocr_line' id='line_1_33' title="bbox 148 3139 1065 3219; baseline 0.004 -19"><span class='ocrx_word' id='word_1_207' title='bbox 148 3139 288 3200; x_wconf 79' lang='lat' dir='ltr'>Concutit</span> <span class='ocrx_word' id='word_1_208' title='bbox 311 3144 400 3217; x_wconf 89' lang='lat' dir='ltr'>atque</span> <span class='ocrx_word' id='word_1_209' title='bbox 424 3142 555 3201; x_wconf 90' lang='lat' dir='ltr'>animam</span> <span class='ocrx_word' id='word_1_210' title='bbox 578 3144 702 3219; x_wconf 87' lang='lat' dir='ltr'>paulum</span> <span class='ocrx_word' id='word_1_211' title='bbox 724 3143 893 3203; x_wconf 86' lang='lat' dir='ltr'>miseranda</span> <span class='ocrx_word' id='word_1_212' title='bbox 914 3162 1065 3204; x_wconf 89' lang='lat' dir='ltr'>resumens</span> 
     </span>
     <span class='ocr_line' id='line_1_34' title="bbox 105 3230 941 3307; baseline 0.005 -18"><span class='ocrx_word' id='word_1_213' title='bbox 105 3249 133 3289; x_wconf 64' lang='grc' dir='ltr'>ιο</span> <span class='ocrx_word' id='word_1_214' title='bbox 146 3230 212 3288; x_wconf 92' lang='lat' dir='ltr'>Iam</span> <span class='ocrx_word' id='word_1_215' title='bbox 235 3233 342 3289; x_wconf 86' lang='lat' dir='ltr'>conata</span> <span class='ocrx_word' id='word_1_216' title='bbox 364 3231 456 3307; x_wconf 92' lang='lat' dir='ltr'>loqui.</span> <span class='ocrx_word' id='word_1_217' title='bbox 502 3232 628 3293; x_wconf 89' lang='lat' dir='ltr'>Miserae</span> <span class='ocrx_word' id='word_1_218' title='bbox 651 3232 737 3291; x_wconf 86' lang='lat' dir='ltr'>dolor</span> <span class='ocrx_word' id='word_1_219' title='bbox 758 3235 864 3293; x_wconf 86' lang='lat' dir='ltr'>anxius</span> <span class='ocrx_word' id='word_1_220' title='bbox 888 3252 941 3293; x_wconf 89' lang='lat' dir='ltr'>ora</span> 
     </span>
    </p>

    <p class='ocr_par' dir='ltr' id='par_1_13' title="bbox 148 3316 889 3398">
     <span class='ocr_line' id='line_1_35' title="bbox 148 3316 889 3398; baseline 0.005 -21"><span class='ocrx_word' id='word_1_221' title='bbox 148 3316 289 3394; x_wconf 88' lang='lat' dir='ltr'>Occupat,</span> <span class='ocrx_word' id='word_1_222' title='bbox 313 3339 460 3398; x_wconf 81' lang='lat' dir='ltr'>exangues</span> <span class='ocrx_word' id='word_1_223' title='bbox 485 3324 623 3381; x_wconf 87' lang='lat' dir='ltr'>arescunt</span> <span class='ocrx_word' id='word_1_224' title='bbox 643 3321 774 3382; x_wconf 87' lang='lat' dir='ltr'>luctibus</span> <span class='ocrx_word' id='word_1_225' title='bbox 797 3324 889 3382; x_wconf 79' lang='lat' dir='ltr'>artus.</span> 
     </span>
    </p>

    <p class='ocr_par' dir='ltr' id='par_1_14' title="bbox 147 3405 964 3488">
     <span class='ocr_line' id='line_1_36' title="bbox 147 3405 964 3488; baseline 0.006 -23"><span class='ocrx_word' id='word_1_226' title='bbox 147 3405 219 3475; x_wconf 89' lang='lat' dir='ltr'>Quis</span> <span class='ocrx_word' id='word_1_227' title='bbox 242 3410 363 3483; x_wconf 89' lang='lat' dir='ltr'>poterat</span> <span class='ocrx_word' id='word_1_228' title='bbox 384 3410 516 3469; x_wconf 88' lang='lat' dir='ltr'>lacrimis</span> <span class='ocrx_word' id='word_1_229' title='bbox 539 3430 599 3469; x_wconf 90' lang='lat' dir='ltr'>nen</span> <span class='ocrx_word' id='word_1_230' title='bbox 622 3410 788 3488; x_wconf 85' lang='lat' dir='ltr'>indulgere,</span> <span class='ocrx_word' id='word_1_231' title='bbox 811 3411 964 3470; x_wconf 89' lang='lat' dir='ltr'>cadentem</span> 
     </span>
    </p>

    <p class='ocr_par' dir='ltr' id='par_1_15' title="bbox 146 3495 946 3572">
     <span class='ocr_line' id='line_1_37' title="bbox 146 3495 946 3572; baseline 0.008 -18"><span class='ocrx_word' id='word_1_232' title='bbox 146 3495 321 3555; x_wconf 76' lang='lat' dir='ltr'>Exanimem</span> <span class='ocrx_word' id='word_1_233' title='bbox 345 3498 463 3572; x_wconf 88' lang='lat' dir='ltr'>quando</span> <span class='ocrx_word' id='word_1_234' title='bbox 487 3517 617 3559; x_wconf 82' lang='lat' dir='ltr'>convexo</span> <span class='ocrx_word' id='word_1_235' title='bbox 640 3501 673 3557; x_wconf 92' lang='lat' dir='ltr'>in</span> <span class='ocrx_word' id='word_1_236' title='bbox 695 3500 799 3560; x_wconf 91' lang='lat' dir='ltr'>limine</span> <span class='ocrx_word' id='word_1_237' title='bbox 821 3503 946 3560; x_wconf 88' lang='lat' dir='ltr'>matrem</span> 
     </span>
    </p>

    <p class='ocr_par' dir='ltr' id='par_1_16' title="bbox 147 3583 801 3665">
     <span class='ocr_line' id='line_1_38' title="bbox 147 3583 801 3665; baseline 0.011 -23"><span class='ocrx_word' id='word_1_238' title='bbox 147 3583 288 3663; x_wconf 73' lang='lat' dir='ltr'>singultu</span> <span class='ocrx_word' id='word_1_239' title='bbox 309 3586 422 3646; x_wconf 88' lang='lat' dir='ltr'>medias</span> <span class='ocrx_word' id='word_1_240' title='bbox 445 3588 640 3648; x_wconf 88' lang='lat' dir='ltr'>intercidente</span> <span class='ocrx_word' id='word_1_241' title='bbox 664 3590 801 3665; x_wconf 87' lang='lat' dir='ltr'>querelas</span> 
     </span>
    </p>
   </div>
   <div class='ocr_carea' id='block_1_7' title="bbox 0 0 1334 3909">
    <p class='ocr_par' dir='ltr' id='par_1_17' title="bbox 0 0 1334 3909">
     <span class='ocr_line' id='line_1_39' title="bbox 0 0 1334 3909; baseline 0 0"><span class='ocrx_word' id='word_1_242' title='bbox 0 0 1334 3909; x_wconf 95' lang='lat' dir='ltr'> </span> 
     </span>
    </p>
   </div>
  </div>
 </body>
</html>
