2659 3909
177 229 221 293 52
663 231 702 285 IX

178 377 255 447 Quid
278 381 397 455 poterat
419 381 516 440 maius
539 380 625 440 reddi
646 382 826 457 viventibus,
850 401 867 445 c
891 380 948 447 Pi?

223 465 371 528 Carminis
394 468 536 545 obsequio
559 470 636 529 vivit
659 475 786 549 uterque
809 474 870 533 tuo.

136 577 163 618 sc
177 556 260 616 Haec
281 557 358 631 laus,
380 557 454 617 haec
476 560 573 636 pietas
597 578 806 637 summumque
829 562 860 627 in
884 562 987 628 femere
1010 580 1118 633 munus

223 644 326 706 Gloria
348 649 510 723 perpetuae
533 648 719 723 posteritatis
742 652 808 709 erit.

178 734 286 793 Omnia
309 754 376 794 cum
399 739 518 811 raperet
540 756 620 796 mors
643 737 792 798 invidiosa
815 758 869 815 per
892 757 1010 815 aarum,

222 822 293 883 Sola
316 825 497 900 sepulchrali
519 828 600 885 victa
624 826 728 887 decore
751 828 819 891 fuit

178 913 279 972 Tertia
302 914 423 989 siquid
447 916 505 973 erit
526 917 661 975 misereri
684 919 715 976 et
737 936 858 993 parcere
881 917 982 997 vietis,

137 1022 163 1061 ac
222 1000 301 1071 Quos
324 1004 422 1079 liquet
444 1022 577 1063 excessus
600 1006 764 1082 penituisse
786 1006 883 1073 Pium.

178 1090 296 1162 Quanta
319 1093 367 1150 sui
388 1094 421 1150 in
444 1093 572 1153 domitos
594 1096 701 1169 pietas,
724 1095 829 1159 domus
852 1115 913 1155 una
937 1094 1073 1165 Sabellus
1187 1140 1191 1164 2

221 1180 361 1240 Pluribus
386 1181 519 1257 exemplo
543 1183 658 1241 scilicet
681 1202 745 1244 esse
767 1188 874 1260 potest.

176 1269 302 1329 Parcere
325 1269 465 1330 subiectis
488 1289 579 1346 quam
602 1271 750 1331 debellare
774 1274 915 1349 superbos

221 1358 304 1417 More
327 1358 376 1417 dei
398 1361 496 1419 visum
518 1361 630 1421 lautius
654 1380 717 1420 esse
740 1362 803 1421 Pio.

137 1467 162 1507 st
177 1447 291 1507 Discite
315 1448 352 1508 ab
376 1449 511 1525 exemplo
534 1449 572 1507 Pi
594 1452 720 1526 quisque
743 1452 895 1530 ignoscere
919 1454 1016 1535 cose,

221 1537 274 1595 Nil
296 1538 393 1612 pietas
417 1537 499 1597 aliud
522 1538 578 1597 hoc
601 1557 657 1597 sua
679 1540 775 1599 maius
798 1540 896 1608 habet.

177 1626 246 1705 Nqn
269 1626 357 1685 aliter
381 1625 489 1687 Gaesar
511 1626 614 1686 divum
637 1629 795 1689 meruisset
816 1629 955 1709 honorest

221 1714 307 1773 Unde
329 1714 384 1773 Pio
408 1715 523 1776 soboles
546 1717 626 1775 Iulia
649 1718 722 1777 feeit
744 1737 824 1776 avos.

177 1803 306 1863 Nativae
329 1804 447 1864 telluris
470 1823 555 1865 amor
576 1805 611 1863 fit
633 1808 665 1864 in
690 1805 792 1865 ordine
816 1811 938 1883 quarta:

137 1913 163 1952 eo
223 1890 319 1961 Quam
343 1896 416 1953 satis
440 1896 486 1953 est
509 1894 588 1953 ultra
612 1893 713 1973 diligit
735 1897 788 1965 ille
811 1915 889 1968 suos.

178 1980 286 2041 Omnia
309 2001 376 2041 eum
400 1986 528 2059 superet,
551 1984 614 2043 solo
638 1988 796 2060 superatur
819 2004 927 2048 amore,

221 2070 369 2147 Principis
393 2091 410 2130 ο
434 2074 530 2148 pietas
554 2072 687 2133 officiosa
710 2071 812 2139 nimis!

177 2160 213 2219 In
236 2161 333 2220 medio
356 2160 424 2220 laus
447 2164 505 2221 est:
529 2162 629 2238 superi
651 2163 806 2223 moderata
829 2164 1001 2240 ,secundant⁴

222 2248 320 2308 Aucta
342 2253 436 2309 ruunt
457 2251 584 2309 nimium
607 2251 737 2326 pondere
759 2271 861 2329 pressa
883 2272 945 2320 suo.

137 2356 163 2397 ee
177 2337 301 2397 Artibus
324 2339 464 2416 ingenuis
488 2341 519 2398 et
540 2339 660 2399 vatibus
684 2341 792 2401 ultima
814 2345 917 2416 restat,

222 2426 277 2487 His
302 2427 389 2487 decus
411 2429 468 2487 hoc
491 2428 539 2487 illi
560 2427 730 2505 pontificale
753 2430 819 2489 fuit.

178 2516 211 2575 Si
234 2515 300 2591 pins
324 2519 378 2591 est,
401 2520 495 2593 vates,
519 2536 645 2593 quorum
668 2518 727 2577 sibi
749 2519 846 2597 gloria
868 2522 966 2596 prima
989 2525 1043 2593 est,

223 2604 352 2680 Spectet,
375 2608 455 2665 enim
477 2609 561 2666 vates
585 2610 615 2665 et
638 2609 764 2675 coluisse
787 2600 875 2684 pium'
894 2611 947 2667 est.

177 2694 247 2770 Ipsa
270 2695 341 2753 licet
363 2714 417 2771 per
439 2714 470 2755 se
492 2695 598 2770 radiet,
622 2697 687 2755 sine
710 2700 841 2757 carmine
864 2700 961 2767 virtue

138 2802 164 2843 rc
223 2782 342 2843 Deficit:
365 2786 507 2862 ignorant
529 2786 662 2844 carmina
686 2787 750 2845 sola
773 2788 857 2846 mori.

178 2872 234 2933 His
255 2873 404 2932 illustrari
426 2876 544 2933 tantum
568 2893 622 2935 sua
645 2875 765 2936 saecula
787 2879 913 2951 possunt

223 2962 263 3020 Et
286 2980 379 3040 genus
403 2966 433 3022 et
455 2981 560 3039 mores,
584 2966 684 3023 cetera
706 2966 810 3024 mortis
834 2967 929 3026 erunt.

179 3050 219 3109 Et
242 3051 267 3109 si
290 3050 430 3127 Pyerides
453 3053 618 3113 multorum
641 3057 762 3130 pectora
785 3054 947 3132 flammant,

223 3139 259 3198 In
281 3140 384 3199 landes
408 3141 498 3200 feriat
520 3143 651 3217 plurima
674 3142 778 3201 dextra
801 3143 906 3218 lyram.

139 3248 164 3289 rs
178 3228 247 3288 Non
270 3228 323 3288 illo
348 3232 469 3307 gravius
493 3232 652 3307 quisquam
674 3232 891 3312 perstrinxerit,
914 3230 991 3301 unde
1105 3286 1107 3291 ,

223 3317 360 3378 Ediderit
382 3320 479 3394 proles
502 3319 705 3379 Piccolomina
726 3320 822 3389 Pium.

251 3600 283 3647 67
305 3594 335 3649 Si
353 3595 418 3664 pius
437 3612 466 3649 es
485 3596 562 3651 codd,
577 3600 586 3663 ll
601 3602 634 3649 ‘16
654 3595 864 3665 piccollrornina
886 3599 912 3651 B
