2659 3909
178 128 197 191 8
654 139 656 149 ’
671 129 697 182 Η

177 276 258 337 Orba
279 298 388 355 parens
410 280 530 338 flentem
554 283 584 339 et
606 279 797 340 lacrimantia
820 280 949 340 solveret
972 299 1034 355 ora,

176 367 212 425 ln
234 366 349 427 rabiem
372 369 470 446 longis
493 368 602 429 feriens
625 368 785 429 latratibus
809 386 904 428 auras.
929 400 972 409 —-

178 452 228 515 Sic
251 458 344 516 effata
364 458 441 531 silet,
464 476 566 518 vocem
590 459 723 519 clausere
746 458 871 517 dolores.

123 568 163 606 nc
222 546 299 605 Tum
321 549 436 605 meritis
460 547 560 623 gravis
583 551 614 607 et
635 548 749 623 pietate
772 548 899 625 insignis
921 547 1024 607 Aletes

178 633 323 693 Oondolet
344 634 484 710 afflictae,
507 654 692 712 quamquam
714 636 819 695 domus
842 638 938 695 omnis
961 636 1087 697 inundet

176 723 328 801 Luctibus,
352 724 469 784 amissis
492 725 613 785 tandem
636 726 688 801 pia
711 724 803 785 verba
825 726 962 785 resolvit:

177 812 341 872 Aeternum
363 814 467 889 primis
491 816 602 873 etenim
624 815 804 875 mortalibus
827 833 861 873 ex
884 832 944 890 quo

177 902 275 961 Fulsit
297 903 413 977 humus,
436 902 512 961 nulli
535 907 581 962 est
603 905 759 962 hominum
780 904 902 963 fortuna
924 903 1061 962 secunda.

125 1014 163 1052 115
178 990 310 1050 Divitias
333 991 420 1066 livor,
443 993 585 1051 virtutem
609 991 734 1053 offendit
756 996 881 1071 egestae,

177 1080 281 1139 Ardua
305 1096 465 1141 successus
478 1099 547 1140 raro
570 1082 883 1157 complectitur-ausa

177 1169 230 1227 Nil
254 1169 381 1228 solidum
405 1174 451 1229 est
473 1170 551 1229 orbi:
573 1170 660 1231 bellis
683 1171 831 1249 insignior
851 1171 913 1246 ille,

177 1258 316 1317 Iustitiae
340 1258 391 1318 sed
413 1258 502 1318 laude
524 1260 629 1319 minor.
676 1259 733 1318 Per
756 1259 876 1338 singula
899 1278 1047 1335 quemque

177 1347 328 1406 Nobilitat
350 1348 458 1422 virtus3
481 1348 553 1407 felix
578 1351 630 1423 qui
651 1349 789 1424 protinus
812 1366 913 1407 omnes

1 1480 2 1493 ,
125 1458 164 1497 rao
179 1436 353 1512 Composuit
375 1455 471 1496 mores
494 1438 526 1496 in
548 1438 715 1515 relligionis
738 1456 846 1497 amore.

178 1526 223 1583 Tu
246 1529 365 1584 tanturn
386 1525 531 1597 humanos
556 1544 639 1585 casus
663 1530 694 1585 et
716 1527 782 1585 fata
803 1544 922 1585 recense

177 1614 385 1690 Fortunaeque
408 1616 487 1674 vices
511 1614 641 1675 fallacis:
664 1615 703 1674 ad
726 1616 848 1675 aethera
870 1615 981 1673 dudum

178 1704 220 1760 Te
243 1704 315 1762 tulit
337 1723 398 1763 una
420 1703 483 1763 dies
507 1707 537 1762 et
560 1708 590 1763 te
613 1704 703 1765 simul
726 1723 787 1763 una
808 1704 934 1763 reduxit.

177 1792 286 1851 Desine
310 1795 446 1869 germani
468 1793 599 1853 lacrimis
622 1792 778 1852 incendere
801 1812 912 1867 manes,

125 1901 163 1941 ras
177 1882 233 1940 Ille
257 1882 340 1941 dedit
362 1884 450 1941 mites
472 1900 584 1957 poenas
606 1902 666 1941 non
690 1901 796 1960 aspera
817 1900 923 1958 passus

179 1971 346 2046 Supplicia:
371 1974 403 2029 at
425 1970 543 2047 pondus
566 1973 687 2030 tantum
711 1971 842 2031 deforme
864 1970 1016 2048 pependit,

179 2059 254 2117 Cum
276 2060 362 2118 licuit
384 2063 482 2120 totum
505 2060 645 2119 membris
669 2061 811 2120 diuellere
834 2078 942 2136 corpus

178 2148 218 2206 Et
240 2153 361 2225 raptare
385 2149 449 2208 solo
472 2152 502 2207 et
525 2149 647 2209 canibus
671 2148 742 2209 dare
764 2151 880 2209 viscora
902 2150 999 2209 saevis

177 2238 402 2313 Aeternumque
425 2240 484 2297 viri
506 2258 614 2299 nomen
637 2238 780 2298 damnare
803 2258 856 2315 per
879 2239 988 2297 orbem.

126 2347 166 2390 reo
178 2327 285 2387 Nonne
308 2328 380 2387 satis
404 2326 515 2387 totiens
538 2329 637 2387 fuerat
659 2328 787 2387 violasse
812 2329 944 2404 quietem

179 2414 268 2475 Urbis
292 2420 323 2474 et
345 2418 451 2474 insano
474 2416 618 2492 populum
641 2418 765 2475 miseere
786 2414 939 2475 tumultu?

179 2505 283 2563 Exulis
306 2506 338 2563 hi
361 2523 466 2578 mores,
488 2506 561 2565 haee
585 2509 630 2563 est
652 2505 704 2580 pia
725 2523 817 2564 causa
838 2505 966 2565 modesti

179 2592 215 2652 In
237 2596 368 2669 patriam
390 2592 515 2667 reditus,
537 2597 573 2653 ut
596 2594 702 2653 acerbo
725 2594 828 2653 funere
850 2598 967 2673 mergat

180 2682 355 2743 Pontificem
378 2686 408 2741 et
430 2684 532 2758 patres
555 2683 718 2759 urbemque
741 2701 760 2741 a
783 2684 876 2759 stirpe
898 2683 1026 2742 revellat

126 2793 164 2835 rae
179 2773 296 2847 Totque
320 2773 434 2831 animas
456 2772 517 2829 leto
541 2771 661 2846 afficiat,
685 2771 756 2831 dare
780 2775 887 2831 cuncta
908 2772 1014 2831 ruinae

178 2862 328 2920 incestare
351 2850 468 2919 sacrum
490 2860 606 2920 facibus
629 2861 681 2937 pia
703 2861 816 2936 templa
838 2861 954 2921 laboret

178 2950 214 3007 In
236 2948 438 3025 praedamque
461 2949 572 3023 domos,
595 2967 788 3028 conspergere
811 2949 951 3010 caedibus
974 2969 1041 3011 aras

179 3039 220 3097 Et
243 3040 321 3097 ferro
345 3042 376 3097 et
397 3039 526 3098 fiammis
550 3041 664 3099 coelum
687 3040 852 3098 rescindere
874 3038 1017 3099 tandem?

179 3130 240 3187 Vos
263 3128 358 3205 igitur
380 3127 511 3191 monitus
534 3131 680 3204 tenerum,
704 3146 778 3203 quos
800 3129 886 3188 nulla
907 3148 960 3205 per
983 3147 1091 3188 aevum

126 3235 166 3277 reo
181 3217 259 3277 Oura
281 3220 389 3292 moret,
412 3219 521 3277 misera
544 3218 671 3277 confecti
694 3217 827 3277 inserte
850 3219 984 3295 parentis

320 3425 417 3479 macab

252 3500 302 3548 107
321 3512 423 3565 parcus
