2659 3909
195 214 218 277 4
692 214 718 267 II

240 366 371 426 Nomen:
394 383 471 441 equo
494 366 579 425 tutus
602 382 654 425 seu
677 365 750 442 pede
774 383 862 441 carpe
885 365 974 425 viem.

195 454 312 513 Ultima
333 457 480 531 perpetue
502 453 606 513 domus
630 457 676 513 est
697 456 754 513 tus
775 455 1056 531 proximetemp10,

241 542 307 613 Quo
329 543 446 601 nullum
468 542 556 603 Latio
580 543 691 603 elarius
714 546 797 602 extet
818 561 901 620 opus.

155 652 181 693 es
198 630 379 708 Conspieuos
400 631 453 691 ubi
475 649 554 691 nune
576 635 679 708 postes
701 635 732 691 et
753 650 903 691 marmure
926 650 1022 707 uerno,

241 719 313 781 Solu
337 723 402 780 eret
423 723 456 780 in
479 723 564 779 tento
587 740 682 798 paene
705 723 793 781 ruine
816 723 889 781 loeo.

197 809 350 870 Sideresm
372 810 515 869 lustrasse
538 809 599 870 suis
622 809 790 888 fulgoribus
813 810 918 869 eedem

240 900 364 975 Diceris,
389 901 544 957 aeternum
566 902 664 959 servet
686 902 723 958 ut
745 899 800 959 ills
822 899 922 973 decus,

196 988 254 1047 Vel
277 988 348 1065 quin
371 988 507 1048 divinum
528 987 636 1065 recipit
658 988 765 1048 domus
786 988 846 1047 istu
867 992 1024 1065 putentem

155 1096 182 1137 ue
240 1076 297 1136 Vel
320 1078 392 1154 quia
415 1078 538 1135 caelesti
560 1096 678 1153 semper
700 1080 802 1136 amata
825 1077 879 1137 deo
902 1080 956 1137 est.

195 1166 284 1225 Atria
307 1184 385 1226 nune
408 1184 501 1244 auges
524 1169 555 1224 et
577 1166 696 1244 cingere
719 1166 850 1225 turribus
874 1170 963 1226 suste

240 1254 364 1328 Niteris,
387 1259 422 1314 ut
443 1255 498 1314 fist
519 1256 615 1314 tutior
636 1255 692 1313 illa
714 1255 827 1316 domus.

196 1343 278 1414 Quae
301 1363 379 1403 nunc
401 1343 556 1403 Herculeis
579 1344 678 1422 fulget
698 1344 862 1404 virtutibus
885 1344 962 1419 auls,

240 1433 373 1493 Maxime
395 1451 465 1509 pers
489 1432 562 1493 olim
584 1432 748 1494 deficientis
771 1437 845 1492 erut.

155 1541 181 1583 u
196 1522 242 1580 Tu
264 1526 351 1599 puter
372 1522 404 1580 in
427 1521 534 1597 medio,
557 1526 654 1582 tecum
677 1525 730 1599 pie
753 1540 824 1582 eura
847 1524 969 1600 superni

239 1611 382 1688 Nexeque
405 1629 474 1671 eum
496 1629 568 1669 veru
589 1611 747 1689 relligione
770 1611 850 1670 fides.

195 1701 269 1759 Iura
290 1701 374 1759 fovet
395 1700 508 1776 pietas.
525 1704 555 1759 et
577 1700 670 1761 vertis
692 1702 726 1760 in
748 1701 849 1760 omnia
871 1704 1010 1774 mentem,

239 1788 380 1849 Iustitiae
402 1790 540 1866 princeps
564 1793 595 1849 et
616 1790 741 1866 pietatis
764 1790 843 1849 edes.

195 1878 288 1938 Nulla
310 1878 360 1937 hio
382 1878 513 1939 luxuries
537 1878 681 1939 dumnosu
704 1882 734 1939 et
757 1880 851 1939 stulte
872 1878 1020 1938 ministris

155 1988 182 2029 ee
240 1965 320 2043 Otia,
343 1966 394 2026 sed
417 1968 481 2028 veri
502 1968 593 2043 plenu
615 1970 724 2027 timore
746 1967 802 2026 (lei.

195 2056 329 2115 Deliciae
353 2056 487 2115 studium
510 2075 662 2118 sacrorum
685 2060 716 2115 et
739 2076 811 2116 eure
832 2056 971 2134 pudoris3

239 2144 319 2204 Ante
343 2145 430 2203 deum
452 2146 549 2205 vitam
571 2164 681 2222 ponere
704 2165 854 2222 quemque
875 2145 970 2206 doces.

195 2233 284 2293 Nune
306 2235 358 2311 pis
379 2233 504 2294 libertas
528 2238 558 2293 et
581 2237 639 2294 erit
661 2239 693 2294 te
714 2235 851 2311 praesule
874 2236 969 2309 nubis,

241 2321 316 2382 Cum
337 2342 424 2382 verus
447 2323 564 2399 patriae
588 2323 695 2383 diceris
719 2342 782 2383 esse
804 2326 898 2399 peter.

661 2421 747 2475 Finit.

596 2638 811 2648 a*

685 2796 726 2863 ΙΙ.

495 3004 498 3013 ·
583 3004 585 3011 ,
624 2968 785 3025 Potesne

556 3080 673 3149 Liber
695 3083 851 3169 primus

195 3212 324 3272 insidias
347 3214 464 3289 patriae
488 3215 542 3289 qui
564 3216 675 3274 struxit
698 3217 729 3273 et
752 3234 836 3274 arms
858 3214 978 3291 parenti

195 3301 263 3376 Ipse
286 3320 394 3378 parens
416 3303 496 3362 refer
519 3305 550 3362 et
573 3303 677 3363 sceleri
700 3305 727 3362 si
749 3303 845 3364 Romu
869 3302 998 3362 nefando

195 3391 356 3451 Annuerit:
378 3393 482 3451 tenues
505 3410 576 3451 nem
598 3393 625 3452 si
646 3394 750 3472 fragor
772 3392 893 3469 impulit
916 3410 1015 3466 eures,

268 3586 301 3633 63
317 3582 458 3649 palatium
476 3584 516 3635 stt
530 3583 604 3650 petri
634 3583 644 3651 i
675 3579 807 3635 Porcnria
825 3581 928 3652 incipit
