2659 3909
511 1100 734 1175 INDEX

114 1362 279 1416 Horatius
298 1361 381 1415 Petro
400 1358 524 1415 Lunensi
542 1360 663 1415 sulutem
687 1404 979 1418 .........
1010 1409 1013 1414 ⁴
1044 1407 1051 1418 .
1112 1373 1126 1417 1

161 1451 183 1504 Ι.
202 1450 274 1504 Divo
292 1449 410 1504 Nieoluo
430 1448 533 1515 Quinto
551 1451 629 1519 poni.
648 1467 722 1505 max.
760 1494 1050 1507 .........
1111 1460 1126 1506 2

149 1539 182 1593 H.
202 1538 351 1594 Poreaiiue
368 1538 442 1593 liber
461 1539 568 1609 primus
579 1583 1051 1597 ..............
1109 1548 1127 1596 4

205 1628 353 1683 Pometiae
370 1627 444 1682 liber
463 1629 601 1683 secundus
617 1672 1051 1685 .............
1094 1637 1128 1684 20

140 1716 185 1771 III.
205 1709 301 1773 Venus
320 1734 406 1772 aurea
438 1760 1050 1774 ..................
1093 1725 1127 1774 35

139 1806 185 1863 IV.
204 1806 250 1859 Ad
268 1806 450 1861 Frunoiscum
469 1806 601 1861 Sforiium
621 1807 722 1861 ducem
740 1806 895 1861 Mediolani
901 1851 1050 1865 .....
1092 1814 1126 1863 37
1241 1821 1243 1824 ·

153 1895 186 1949 V.
205 1895 303 1950 Iliadis
321 1895 388 1949 libri
406 1896 491 1965 primi
510 1895 651 1964 specimen
675 1896 711 1949 ab
734 1896 852 1950 Horatio
879 1896 1011 1965 idemque
1034 1912 1051 1950 u

206 1984 305 2039 Garolo
324 1984 507 2053 Mersuppino
525 1985 555 2038 in
573 1984 695 2039 latinum
712 1985 882 2040 translatum
901 2029 1050 2043 .....
1092 1992 1126 2041 39

139 2072 186 2128 VI.
206 2073 297 2128 Oroiii
316 2075 353 2128 ud
371 2074 453 2128 Pium
470 2074 497 2127 11
515 2074 722 2143 epigrammata
760 2118 1050 2132 .........
1091 2081 1126 2129 42

125 2160 185 2216 VII.
206 2161 318 2217 Oretius
337 2163 479 2217 Romanus
498 2162 549 2216 Pio
567 2161 594 2216 H
611 2165 688 2233 pont.
707 2180 772 2217 mex
774 2205 1050 2221 .........
1092 2171 1127 2219 44

111 2250 185 2305 VHI.
205 2250 318 2306 Oretius
336 2252 479 2306 Romanus
497 2252 548 2306 Pio
566 2252 592 2305 Π
610 2255 688 2321 poni.
707 2268 773 2305 mex
775 2296 1050 2310 .........
1091 2259 1126 2307 45

136 2338 183 2393 ΙΧ.
203 2338 297 2395 Orooii
321 2340 442 2395 Romani
465 2340 503 2395 ud
529 2340 611 2395 Pium
629 2341 656 2393 H
682 2343 760 2410 pont.
778 2358 851 2395 mex.
881 2343 916 2396 do
942 2342 1050 2412 pietate

203 2430 278 2483 unde
298 2429 409 2484 dicatum
428 2432 457 2484 et
475 2430 551 2497 quod
570 2430 658 2497 quine
671 2430 764 2499 pietas
783 2431 821 2485 eii
838 2431 869 2485 in
882 2432 933 2486 Pio
951 2448 1049 2500 quem-

205 2518 356 2572 admodum
375 2518 499 2587 quinque
517 2517 601 2573 lunae
620 2518 650 2573 in
669 2519 755 2574 armis
774 2520 978 2591 designentur.
1007 2564 1014 2577 .
1043 2565 1049 2577 .
1092 2526 1127 2575 50

152 2605 185 2659 X.
204 2604 236 2658 In
254 2605 368 2661 laudem
387 2608 466 2661 ducis
485 2607 640 2662 Mediolani
656 2651 1049 2666 ............
1091 2616 1125 2665 53

112 2783 207 2838 Petri
231 2784 269 2837 de
289 2783 393 2839 Godis
421 2785 456 2841 de
475 2786 607 2842 Vioeniia
635 2788 670 2841 de
698 2788 891 2843 coniuratione
918 2788 1050 2843 Porouria

202 2870 332 2943 dialogus
365 2916 1048 2933 ....................
1091 2882 1125 2931 57

164 3700 275 3741 Horatius
289 3700 405 3741 Romanus
419 3700 453 3741 ed.
468 3702 619 3741 Lehnerdt.
