2659 3909
456 256 515 313 PIO
535 257 568 313 11.
587 257 695 313 PONT.
714 258 802 312 Max.

121 410 225 471 Viator
248 409 285 469 ab
309 410 397 469 exilio
422 411 475 485 qui
496 410 582 488 signa
606 430 640 469 ex
664 410 749 470 hoste
771 414 892 486 recepta

121 500 266 560 Restituit
288 500 413 575 patriae,
436 498 521 558 tenui
543 499 620 558 latet
643 498 768 558 obrutus
790 518 875 559 urna.

121 587 244 665 Pompei
266 591 296 648 te
319 589 407 647 Nilus
431 588 522 647 hebet
543 606 598 647 noo
621 588 717 647 Roma
741 586 893 662 Catonem,

69 698 107 737 rao
122 676 181 745 Qui
204 677 305 737 doouit
326 677 447 754 proprio
472 678 615 736 scelerare
637 677 670 735 in
692 680 837 755 sanguine
861 677 1003 737 dextram.

121 767 162 824 Ta
186 767 271 826 dolor
292 766 351 825 heu
375 768 505 842 quantus
528 766 616 825 feriet
638 767 801 827 fortissime
826 766 924 842 Cesar,

121 854 153 913 Si
176 875 235 931 que
257 858 323 931 pios
346 873 447 914 manes
470 857 587 930 patriae
610 855 698 915 modo
722 859 820 934 gratia
843 858 944 933 tangit

120 943 179 1004 Seu
201 944 299 1023 magis
323 947 404 1004 astra
428 945 516 1018 eolus,
540 964 607 1004 oum
629 964 717 1003 nemo
740 945 883 1005 obsistere
907 946 1003 1005 Turoo

118 1033 238 1093 Audeat
260 1036 290 1093 et
311 1035 398 1092 tanta
421 1033 572 1108 trepident
594 1033 753 1093 formidine
776 1037 888 1111 gentes,

65 1144 105 1183 rao
120 1121 196 1182 (ium
219 1141 312 1201 genus
336 1141 403 1182 aare
425 1124 524 1181 virum
547 1125 577 1181 et
599 1122 709 1197 pubem
731 1123 876 1182 Mavortis
899 1124 1051 1182 alumnam

120 1210 229 1271 (tondit
250 1212 366 1285 humus,
389 1213 508 1270 tantum
531 1213 698 1271 monstrent
719 1212 838 1270 ruitura
860 1211 977 1271 labores

118 1301 237 1361 Moenia
259 1319 313 1360 noo
337 1302 497 1376 quiequam
519 1302 612 1360 restet
634 1301 694 1359 nisi
716 1319 824 1359 nomen
847 1303 878 1358 et
900 1301 1014 1360 umbra,

118 1389 177 1449 Hei
199 1390 253 1448 ubi
274 1410 329 1465 pro
352 1391 451 1465 patria
473 1392 527 1448 tue
550 1390 645 1448 Roma
668 1391 803 1465 potentia
826 1408 906 1449 nuno
930 1391 988 1448 est!

118 1478 261 1538 Exoriare
285 1480 395 1555 aliquis
418 1478 479 1537 Iuli
502 1478 538 1537 de
562 1479 707 1555 sanguine
730 1478 847 1553 vindex,

62 1588 103 1629 ras
119 1566 177 1638 Qui
198 1568 268 1627 fidei
291 1569 440 1627 aooinotus
464 1568 559 1643 olipeo
582 1570 670 1626 vooet
692 1568 813 1645 agmina
835 1586 940 1644 regum

119 1656 337 1732 Caesareosqu'a
361 1657 449 1716 duoes
470 1656 619 1732 terrisque
642 1658 819 1715 exterminet
841 1658 950 1716 hostes.

117 1747 159 1805 Te
183 1746 240 1805 oiet
262 1746 316 1805 illa
339 1765 456 1821 parens,
479 1745 564 1804 ouius
588 1744 643 1805 sub
666 1747 787 1805 numine
809 1764 912 1804 rursus

116 1834 211 1895 Laeta
233 1836 430 1911 triumphales
453 1833 604 1910 Capitolia
628 1834 666 1893 ad
689 1835 753 1892 alta
775 1833 890 1894 videbis

115 1924 163 1982 Ire
188 1925 292 1983 dueum
318 1942 421 1983 our1us
444 1925 597 1998 victasque
621 1943 655 1982 ax
679 1922 781 1983 ordine
804 1926 915 2001 gentas.

60 2033 102 2073 140
116 2012 253 2089 Namque
276 2032 365 2089 super
386 2013 500 2071 Poenos
522 2012 637 2071 Arabes
660 2012 815 2087 Ethyopas
838 2016 869 2071 et
891 2011 981 2071 Indos

118 2099 287 2178 Oceanique
309 2120 415 2161 manus
439 2104 573 2159 austrum
596 2101 775 2177 boreamque
797 2104 953 2161 sonantem

115 2190 247 2266 Imperia
270 2190 407 2249 extendes
429 2190 521 2248 nullis
545 2189 673 2248 confinia
695 2190 791 2249 terris.

116 2279 211 2355 Iunge
234 2280 312 2339 aoies
335 2281 462 2351 tantum,
485 2278 674 2338 Pandonides
697 2278 772 2337 adde
794 2278 912 2338 Latinis

116 2366 345 2442 Pannoniosque
368 2368 467 2440 duces,
491 2365 608 2442 Caesar,
632 2386 706 2443 quos
729 2368 825 2427 Marte
848 2369 977 2427 lacessis.

58 2474 101 2517 145
117 2452 212 2523 Quam
235 2457 341 2514 melius
364 2458 429 2515 toto
453 2457 594 2515 oertasses
618 2474 742 2532 eorpore
763 2458 850 2534 regni

115 2543 152 2601 In
175 2544 301 2604 Turoos:
323 2544 397 2604 haee
419 2546 479 2605 ista
502 2545 585 2604 deoet
608 2564 668 2604 non
690 2548 823 2622 tempore
845 2545 904 2605 tali

114 2632 227 2691 Militia
250 2636 280 2692 et
302 2633 420 2709 pulobn'
442 2653 502 2692 non
525 2636 595 2693 sunt
618 2633 681 2693 siue
704 2633 792 2693 laude
814 2634 968 2711 triumphi.

114 2722 278 2798 Imperium
301 2724 327 2781 si
350 2722 422 2799 quid
445 2723 552 2782 solitae
575 2724 697 2781 virtutis
721 2723 853 2783 stultae

114 2812 283 2871 Maiestatis
306 2811 405 2887 habet,
428 2811 499 2871 fidei
521 2812 546 2870 si
569 2812 690 2871 vincula
712 2811 812 2885 sentis,

55 2921 100 2962 roo
114 2901 195 2960 Anto
218 2902 306 2959 deum
329 2902 443 2961 sancita
467 2896 598 2982 (utinam
620 2919 680 2959 non
702 2893 804 2981 irrita)
828 2901 932 2961 dexma

113 2989 150 3047 In
174 2989 302 3049 Teucros
326 2990 440 3049 diverte
464 2990 542 3049 aoies
566 2992 596 3048 et
619 2989 719 3049 desine
743 2991 864 3066 eoeptis.

113 3079 183 3138 Non
207 3078 291 3138 audis
314 3080 443 3157 gemitus
467 3081 497 3137 et
520 3096 622 3139 eaesae
644 3080 751 3137 funera
774 3077 892 3157 gentis?

112 3166 193 3226 Ante
216 3186 283 3227 aras
306 3170 428 3245 sanguis
452 3169 563 3228 elamat
585 3166 643 3226 tibi
666 3170 750 3227 fusus
774 3167 813 3227 ad
836 3186 930 3243 aures,

113 3256 194 3316 Anto
218 3258 317 3317 oculos
341 3260 455 3336 strages
478 3257 632 3315 hominurn
654 3257 823 3316 miseranda
844 3258 924 3317 iaoet
946 3276 1033 3318 nuno.

54 3364 98 3406 res
115 3344 194 3415 Quid
216 3346 340 3405 tandem
363 3344 521 3422 expectas?
543 3346 644 3406 Muros
668 3347 767 3421 quatit
789 3347 899 3422 impius
921 3348 1016 3407 hostis

143 3557 236 3677 (idm
254 3567 334 3621 rages
354 3553 382 3605 B
404 3554 413 3621 d
438 3557 487 3605 138
502 3551 610 3606 videbit
628 3551 694 3606 AB.
721 3550 830 3607 videbis
848 3552 882 3619 X,
898 3558 957 3605 125.
970 3555 981 3622 ΙΙ
996 3558 1046 3617 152
1061 3552 1127 3607 Nun

110 3640 141 3677 eo
182 3664 189 3677 .

165 3722 278 3763 Horatius
292 3724 409 3763 Romanus
424 3724 458 3763 ad.
473 3723 624 3764 Lahnordt.
896 3719 913 3766 4
