2659 3909
260 254 309 308 DE
329 252 603 309 CONIVRATIONE
621 252 806 308 PORCARIA
823 252 1005 307 DIALOGVS
1100 252 1145 317 63

128 409 159 466 et
180 408 282 484 palam
306 406 480 485 aggreditur
503 409 533 464 et
556 406 607 480 qui
630 423 690 464 non
714 406 793 482 gerit
815 404 994 479 conflictum,
1017 406 1076 464 nisi
1097 407 1143 464 in·

129 497 237 557 dixerit
258 488 342 577 (nam
364 496 484 555 fraudes
503 497 534 554 et
555 494 639 553 dolos
662 493 842 552 imbecillem
865 493 951 553 decet
972 486 1093 575 habere)
1113 497 1146 553 et

129 586 181 661 qui
202 586 335 662 pericula
353 604 414 643 non
436 585 551 660 appetit
569 586 605 641 ut
627 582 811 641 temerarius
858 582 917 641 Sed
938 583 1145 659 praesumptio

128 675 286 733 temeraria
324 676 370 732 est
405 676 472 732 ista.
525 673 663 747 Namque
700 674 757 731 etsi
793 671 962 747 Stephanus
998 673 1144 748 populum

103 765 258 825 elevasset
280 766 311 822 et
339 764 497 837 rapuisset,
520 764 555 820 ut
586 762 764 837 praefertur,
795 763 896 819 tamen
924 779 984 821 non
1017 764 1147 837 cepisset

129 872 277 913 summum
300 850 480 928 pontificem,
504 851 574 926 quia
592 850 759 910 invisibiles
773 869 833 909 non
851 851 978 910 ivissent
991 853 1021 908 et
1043 870 1145 910 rumor

129 942 294 1001 videntium
322 941 514 1016 processisset
536 942 566 998 et
593 940 705 1016 aliquis
733 941 825 998 etiam
848 958 883 998 ex
905 939 1048 999 Romanis
1070 940 1146 1014 ipsis

128 1029 305 1089 festinanter
336 1048 432 1104 papae
464 1030 632 1088 nuntiasset
663 1032 695 1088 et
725 1048 806 1105 papa
836 1028 939 1106 fugere
970 1030 1091 1104 poterat
1111 1028 1145 1085 in

129 1122 272 1193 oestrum,
299 1118 405 1177 deinde
428 1118 466 1178 ad
488 1121 584 1177 terras
612 1117 752 1177 ecelesiae
779 1119 893 1177 vicinas
916 1136 947 1176 se
974 1117 1146 1190 transferre,

90 1232 115 1271 ιο
128 1210 233 1285 postea
264 1210 399 1283 parasset
430 1210 592 1266 exercitum
623 1211 728 1267 eontra
751 1206 944 1283 Stephanum.
990 1205 1143 1275 Quomodo

130 1296 298 1375 Stephanus
330 1298 466 1355 resistere
498 1294 637 1372 poterat?
671 1294 786 1355 Scimus
817 1295 921 1353 urbem
952 1295 1051 1353 nullas
1073 1313 1144 1370 opes

128 1386 237 1445 habere
273 1387 332 1444 nisi
363 1405 381 1444 a
417 1387 500 1444 curia
532 1385 676 1444 Romanu.
721 1384 807 1443 Unde
842 1385 987 1443 haberent
1016 1385 1146 1444 Romani

129 1476 270 1551 pecunias
293 1495 347 1550 pro
376 1474 514 1552 gentibus
546 1471 718 1534 armenum?
751 1493 825 1549 quos
848 1474 962 1533 frustm
995 1474 1144 1551 colligere,

131 1563 278 1639 quomodo
305 1567 439 1623 armenta
462 1566 492 1623 et
515 1582 618 1642 greges
642 1582 710 1623 suos
738 1565 838 1622 tenere
865 1565 986 1640 possent
1014 1564 1145 1621 exercitu

91 1675 116 1715 ra
131 1653 272 1712 ecelesiae
295 1653 446 1712 Romanae
469 1655 645 1712 comitatum
669 1652 750 1711 urbis
773 1645 974 1728 pess’undante
998 1654 1028 1709 et
1055 1651 1145 1726 depo·

15 1758 16 1761 ’
130 1740 276 1817 palante?
298 1743 366 1802 Etsi
388 1742 530 1802 Nicolaus
552 1761 633 1817 papa
655 1741 812 1816 Veaptus
835 1740 941 1800 fuisset
963 1742 994 1799 et
1023 1742 1146 1813 occisus,

129 1831 207 1891 alius
229 1833 262 1889 in
284 1850 395 1908 papam
419 1833 588 1907 assumptus
612 1830 752 1889 similiter
775 1828 925 1903 Stephano
953 1830 1066 1888 bellum
1091 1849 1144 1905 pa·

129 1922 237 1995 rasset3
274 1921 300 1980 si
332 1939 402 1980 vero
433 1920 561 1996 populus
593 1918 778 1994 Stephanum
809 1918 956 1978 offendere
987 1937 1145 1994 personam

13 2036 17 2054 ·
128 2029 225 2086 papae
249 2010 331 2086 eapti
354 2011 549 2084 permisisset,
573 2008 733 2069 veniebant
759 2027 848 2083 super
874 2008 1019 2084 populum
1046 2008 1145 2083 ipsum

90 2122 116 2161 eo
129 2098 353 2157 maledictiones
387 2098 510 2174 psalmi:
545 2097 665 2156 laudem
702 2113 799 2155 meam
831 2116 868 2155 ne
903 2098 1041 2171 tacueris,
1073 2098 1146 2171 quia

70 2221 73 2228 ·
130 2188 278 2247 offendere
306 2190 336 2245 et
369 2187 500 2246 occidere
531 2205 651 2263 papam,
683 2188 737 2261 qui
767 2188 954 2261 representat
985 2185 1144 2260 Christum,

131 2279 208 2336 esset
229 2278 339 2334 iterum
357 2275 389 2333 in
411 2294 539 2353 persona
561 2294 657 2351 papae
681 2274 828 2334 offendere
852 2277 882 2333 et
905 2274 1038 2333 occidere
1062 2273 1145 2333 Obri-

13 2374 14 2405 r
131 2368 218 2423 stum.
266 2364 359 2423 (hedo
386 2368 496 2438 tamen,
524 2364 604 2439 quod
635 2365 763 2423 maiores
795 2364 898 2441 populi
931 2364 1001 2422 huie
1030 2364 1147 2421 feritati

130 2472 190 2511 non
213 2454 420 2528 assensissent,
445 2456 587 2529 quinymo
610 2455 683 2528 quia
715 2452 870 2532 dedignati
896 2454 995 2511 essent
1026 2452 1145 2511 subesse

90 2564 116 2604 aa
131 2541 292 2617 Stephano,
315 2544 346 2600 et
363 2546 486 2619 propter
508 2542 626 2618 damna,
650 2560 726 2617 quae
748 2546 821 2601 tuno
843 2559 982 2618 passuros
1001 2560 1031 2599 se
1054 2541 1147 2600 vidis-

131 2633 205 2703 sent,
229 2632 266 2689 ad
289 2631 444 2690 ecelesiam
467 2631 633 2689 Romanam
656 2631 813 2690 confestim
840 2630 997 2689 rediissent
1020 2629 1145 2705 Stepha-

130 2738 244 2794 nusque
268 2720 387 2778 demum
416 2721 463 2779 vel
487 2720 518 2780 vi
540 2720 612 2778 belli
636 2739 654 2779 a
683 2739 764 2796 papa
791 2719 867 2779 moti
890 2720 939 2779 vel
967 2719 1104 2778 rehabita
1127 2738 1147 2777 a

203 2907 317 2961 adoles
346 2906 437 2961 faeere
464 2906 614 2963 imbecillis
634 2910 677 2961 est
695 2908 734 2961 K.
761 2909 771 2975 ΙΙ
798 2910 894 2961 terat
912 2907 968 2960 ista
987 2908 1025 2960 K.
1071 2906 1147 2959 Nam

131 2979 169 3033 K.
184 2981 193 3048 ΙΙ
212 2977 259 3031 eff.
280 2977 434 3032 invisibiles
449 2994 578 3049 -papa
596 2979 695 3033 desunt
717 2980 755 3045 K,
778 2979 828 3033 abi
846 2980 959 3049 tegitur:
990 2976 1058 3046 quia
1085 2977 1146 3046 ipsc

131 3050 248 3104 audiens
274 3049 373 3120 populi
403 3048 526 3103 furorem
552 3049 650 3119 fugere
678 3052 791 3118 poterat
816 3049 847 3102 in
875 3052 998 3103 castrum
1024 3047 1069 3102 vel
1095 3065 1147 3117 per

13 3128 20 3143 '
130 3122 242 3176 vineam
259 3136 338 3175 suam
358 3122 387 3174 et
405 3120 442 3174 ad
460 3123 550 3174 terras
576 3120 694 3175 ecclesie
718 3137 747 3175 se
774 3120 926 3175 transferre
953 3122 963 3189 11
991 3125 1024 3174 10
1044 3119 1147 3174 deinde

130 3196 258 3262 parasset
276 3193 313 3246 K.
337 3195 346 3261 ll
369 3191 497 3258 Qualiter
514 3195 553 3249 K.
576 3196 585 3261 ΙΙ
610 3198 642 3245 13
661 3192 801 3261 quomodo
820 3192 903 3246 fruct.
922 3194 960 3246 K.
983 3194 993 3260 ΙΙ
1017 3196 1050 3245 14
1069 3206 1145 3244 exer-

13 3282 15 3331 ς
132 3264 191 3318 citu
214 3267 286 3319 deest
304 3265 340 3317 K.
360 3270 369 3328 ΙΙ
392 3269 424 3317 16
443 3263 505 3318 Etsi
527 3280 604 3334 papa
623 3266 723 3332 captus
743 3264 780 3319 K.
803 3266 812 3332 ΙΙ
837 3270 868 3317 19
889 3263 966 3332 capti
991 3264 1062 3318 deest
1081 3263 1117 3315 K.
1135 3262 1146 3334 11

131 3335 269 3405 populum
292 3337 364 3389 deest
382 3337 419 3389 K.
447 3337 456 3404 ΙΙ
484 3341 518 3390 20
536 3335 607 3405 psal.
629 3336 659 3389 V.
693 3336 762 3390 deus
787 3335 901 3388 laudem
919 3352 956 3389 m.
976 3335 1013 3388 K.
1047 3333 1081 3387 cf.
1100 3333 1144 3386 Pa.

133 3412 193 3471 108,
205 3413 227 3461 1.
251 3410 260 3476 ΙΙ
283 3414 315 3459 ⁸21
337 3406 464 3461 occidere
482 3406 527 3461 vel
553 3406 695 3461 offendere
714 3408 752 3461 K.
775 3409 785 3475 i
808 3412 842 3459 22
861 3408 935 3460 esset
953 3405 1081 3459 occidere
1099 3404 1146 3458 vel

132 3478 273 3533 offendere
291 3478 321 3531 in
339 3494 459 3548 persona
477 3494 552 3547 pape
570 3477 731 3547 nuperrime
750 3477 871 3531 Cristum
890 3479 927 3531 K.
942 3478 1000 3545 1124
1019 3475 1146 3543 quinimo

13 3574 14 3581 ³
132 3551 207 3617 quod
227 3549 413 3617 dedignantes
433 3549 547 3605 subesse
566 3551 603 3603 K.
625 3553 634 3619 ΙΙ
657 3556 691 3603 26
711 3549 877 3603 tumetium
899 3550 1016 3618 propter
1034 3547 1147 3612 damna,

13 3614 14 3663 ἶ
133 3638 188 3689 que
207 3637 236 3675 se
255 3623 322 3674 tunc
341 3638 415 3690 pass.
435 3620 489 3674 vid.
510 3622 548 3675 K.
563 3622 572 3689 ΙΙ
587 3626 619 3674 26
640 3620 800 3689 Stephanus
819 3621 857 3675 K.
