2659 3909
285 195 334 251 DE
354 195 627 252 OONIVRATIONE
644 196 830 252 PORCARIA
847 195 1028 251 DIALOGVS
1114 197 1157 262 69

143 349 287 423 Romano,
320 350 372 423 qui
398 368 502 408 verum
528 368 628 427 regem
652 352 683 407 et
714 347 867 407 dominum
898 368 952 423 per
982 349 1157 409 violentiam

143 456 235 517 regno
258 437 408 513 spoliavit,
436 457 504 497 cum
527 438 656 498 auctoris
679 437 791 497 vicium
817 439 952 496 transeat
979 436 1018 495 ad
1045 456 1157 497 succes·

145 544 241 585 sorem
264 530 294 585 et
321 530 428 586 noceat
450 528 485 585 ei.
531 526 572 586 Et
599 528 691 585 etiam
717 525 877 602 imperium
899 525 1068 585 Romanum
1090 529 1157 587 uni-

144 633 263 675 versum
284 615 428 674 mundum
451 614 649 691 depredatum
667 618 720 675 cst.
767 613 826 673 Sed
847 633 975 691 regnum
991 615 1158 676 violentum

116 724 203 765 cnon
226 707 271 763 est
293 706 471 780 permissum
489 707 519 763 11
541 706 637 763 omnis
660 704 806 764 violentia
824 723 859 763 ac
876 706 984 780 rapina
1006 705 1158 780 prohibita

143 795 188 853 est
210 793 370 853 secundum
402 792 594 869 scripturam:
624 811 684 853 non
716 794 904 868 concupisces
935 813 998 851 rem
1029 794 1158 869 proximi

21 935 24 947 ,
142 884 198 941 tui.
243 882 284 941 Et
315 883 358 942 sic
388 884 582 958 imperatores
613 883 737 942 fuerunt
767 901 927 959 regnorum
957 887 1158 962 occupatores,

142 990 203 1030 non
230 972 294 1030 veri
330 971 452 1045 domiui,
484 990 519 1031 ac
556 990 702 1050 agnomen
733 971 804 1046 tale,
840 971 921 1047 quod
952 973 1014 1030 sint
1045 972 1158 1031 domini

141 1060 256 1134 mundi,
283 1078 472 1136 usurpavere.
517 1060 560 1119 At
587 1060 651 1120 veri
679 1079 764 1139 reges
794 1062 915 1119 fuerimt
938 1062 968 1119 11
998 1063 1075 1139 sunt,
1105 1064 1158 1137 qui

102 1171 128 1211 ro
143 1149 180 1208 ob
213 1167 315 1208 eorum
346 1150 472 1209 virtutes
505 1170 524 1209 a
555 1150 674 1226 populis
710 1153 816 1226 sponte
847 1152 878 1208 et
909 1149 1042 1227 legitime
1073 1168 1157 1228 reges

143 1256 246 1297 eorum
275 1238 463 1316 eligebantur
485 1242 515 1297 11
546 1239 708 1317 eliguntur,
738 1237 848 1314 quique
880 1238 1026 1315 civitates,
1059 1243 1157 1298 castra

143 1329 172 1386 et
194 1327 261 1385 loca
290 1345 369 1387 nova
400 1327 458 1386 sibi
490 1326 670 1388 edificabant
701 1330 732 1386 et
763 1327 911 1403 edificant,
943 1347 997 1404 per
1029 1347 1157 1404 quorum

141 1416 253 1475 bonum
273 1417 408 1493 regimen
427 1420 456 1476 11
478 1418 605 1476 virtutes
628 1417 683 1475 illa
705 1416 809 1475 liberis
831 1417 1002 1477 hominibus
1025 1417 1156 1493 undique

142 1504 359 1564 confluentibus
381 1504 563 1581 impleantur
586 1524 621 1565 ac
645 1506 697 1581 qui
724 1507 804 1565 iusto
830 1505 909 1565 bello
937 1525 1029 1584 regna
1052 1509 1083 1565 et
1106 1506 1156 1565 do-

102 1614 128 1653 rs
142 1594 237 1653 minia
259 1593 317 1653 sibi
344 1593 447 1670 adepti
469 1598 540 1654 sunt
558 1598 589 1653 11
606 1595 821 1671 adipiscuntur,
844 1613 1005 1670 eorumque
1027 1595 1157 1672 legitimi

11 1723 21 1765 ¹.
142 1700 330 1743 successores.
384 1684 502 1743 Bellum
534 1686 635 1743 autem
665 1685 780 1744 iustum
812 1686 857 1743 est
889 1702 944 1761 pro
975 1683 1095 1743 tuendis
1127 1688 1158 1744 11

140 1772 350 1849 recuperandis
372 1773 459 1832 rebus
483 1774 544 1832 suis
568 1775 622 1832 aut
644 1774 764 1849 quando
787 1772 823 1832 fit
845 1775 880 1831 ut
903 1774 966 1832 sine
988 1774 1102 1832 iniuria
1123 1776 1156 1832 in

140 1880 214 1937 paee
236 1861 366 1923 vivatur.
412 1861 540 1921 Romani
563 1865 664 1921 autem
691 1861 859 1938 imperandi
886 1862 983 1938 gloria
1005 1865 1041 1921 ut
1062 1863 1156 1939 pluri-

140 1970 223 2009 mum
245 1951 329 2009 nulla
351 1952 433 2009 iusta
456 1969 546 2010 causa
574 1951 752 2010 subsistente
775 1950 854 2009 bella
882 1954 1048 2011 movenmt.
1093 1952 1156 2010 Rex

101 2060 128 2099 so
141 2058 211 2098 vero
238 2059 343 2116 regum
371 2042 402 2098 et
433 2040 569 2099 dominus
600 2039 704 2099 mundi
731 2058 819 2099 verus
847 2043 892 2099 est
921 2059 1010 2116 papa,
1042 2042 1114 2115 quia
1138 2061 1156 2101 a

141 2126 259 2187 Obristo
282 2128 337 2187 deo
361 2130 392 2186 11
419 2128 539 2188 domino
567 2128 672 2187 mundi
697 2129 855 2188 institutus
878 2132 931 2188 est.
977 2130 1018 2188 Et
1039 2132 1074 2188 ut
1095 2132 1156 2189 ista

140 2216 214 2275 beno
245 2218 407 2295 intelligas,
440 2217 511 2277 audi
539 2220 661 2277 attente.
707 2218 788 2277 Deus
810 2219 843 2275 in
865 2217 1013 2294 principio
1041 2221 1156 2280 creavit

141 2305 238 2365 celum
260 2307 290 2363 11
318 2308 430 2365 terram
453 2309 483 2365 et
513 2308 621 2382 omnia,
652 2308 784 2381 quaein
811 2306 853 2365 eis
881 2310 959 2381 sunt,
989 2308 1155 2384 angelicam

141 2395 172 2451 11
193 2393 355 2452 humanam
377 2398 525 2469 naturam,
548 2396 718 2471 spiritualia
741 2398 772 2454 et
793 2396 980 2472 temporalia.
1026 2396 1154 2473 Ipsaque

100 2480 232 2541 scotiam
255 2483 433 2558 temporalia
451 2503 504 2559 per
522 2502 553 2543 se
575 2484 674 2559 ipsum
692 2486 776 2543 rexit.
822 2484 910 2543 Patet
927 2484 984 2544 hoc
1007 2485 1155 2560 videlicet,

141 2571 220 2646 quod
242 2572 320 2631 rexit
338 2590 382 2647 ea,
406 2575 477 2648 quia
498 2572 613 2632 homini
636 2572 861 2647 scilicetAdae‚
879 2575 1066 2649 quemfecit,
1088 2594 1154 2650 pre-

140 2661 219 2737 cepit
250 2660 362 2721 dicens:
395 2680 430 2719 11
462 2664 543 2721 omni
572 2662 655 2739 ligno
686 2663 820 2737 paradisi
851 2662 980 2732 comede,
1012 2663 1048 2721 de
1070 2664 1154 2742 ligno

140 2751 240 2808 autem
263 2750 404 2809 scientiae
426 2749 499 2810 boni
521 2753 552 2811 et
573 2752 646 2809 mali
669 2771 706 2810 ne
729 2750 876 2825 comedas,
898 2770 933 2811 ac
953 2751 1021 2828 ipsi,
1045 2754 1071 2810 si
1094 2771 1153 2812 non

139 2837 281 2912 obediret,
303 2857 411 2915 penam
434 2840 578 2915 imposuit
600 2834 715 2899 dicens:
737 2842 770 2898 in
793 2859 968 2915 quacunque
992 2840 1152 2900 (111111111-

98 2947 125 2987 so
140 2927 219 2987 deris
243 2947 278 2986 11
301 2946 345 3001 11,
367 2930 463 2987 morte
485 2931 630 2989 morieris.
676 2929 775 2988 Acin
793 2928 891 2988 Adam
915 2931 945 2988 11
963 2930 1059 2989 Evam
1082 2950 1153 2989 uxo-

212 3139 225 3186 1
246 3148 325 3187 veros
343 3148 424 3203 rogos
443 3134 472 3187 et
490 3133 618 3187 dominos
637 3134 675 3188 K.
690 3136 699 3202 ll
718 3138 733 3186 2
752 3148 839 3203 regno
859 3135 888 3187 et
906 3133 1030 3188 dominio
1058 3150 1154 3188 eorum

139 3204 177 3258 K.
215 3205 253 3258 ad
270 3220 359 3259 vocem
376 3204 493 3258 vicium:
517 3206 534 3258 l.
549 3205 717 3275 pomponius
733 3204 755 3276 ἕ
774 3210 789 3258 1
807 3205 838 3272 ff.
865 3205 898 3259 do
916 3223 973 3273 uoq.
990 3222 1049 3273 poe.
1074 3206 1154 3260 Vin

138 3291 225 3398 ingr}¹
240 3278 279 3400 nd
294 3276 491 3402 11ξ1ὲ111111111ζ
504 3278 513 3345 ΙΙ
526 3275 648 3401 ξ4Ε1ᾐ11.
663 3277 814 3401 ο2οὶζ114158
833 3292 988 3345 cognomen
987 3278 1040 3402 lg(
1078 3278 1153 3403 (ἑυοὲ

137 3362 376 3473 111111011111111
385 3350 541 3472 011IdXIIHII
560 3349 753 3487 ediqblolzibd
768 3420 800 3472 irc
818 3363 853 3473 dle
860 3363 888 3471 ἶ
889 3351 1049 3485 1111111111
1063 3355 1098 3474 lV
1115 3367 1151 3472 111

138 3503 225 3558 marg.
249 3490 258 3558 ΙΙ
283 3494 387 3543 17-18
406 3489 619 3545 aut-vivatur
647 3490 719 3545 deest
736 3490 774 3544 K.
789 3492 798 3558 ΙΙ
821 3489 949 3545 11111111
970 3493 1153 3559 susceperunt

138 3560 247 3629 111121
267 3558 366 3613 Genus.
386 3567 410 3627 2,
427 3566 467 3614 16.
489 3566 530 3615 17.
