2659 3909
191 191 234 255 58
543 190 845 246 111111111111
929 190 934 198 ·

189 359 257 399 rare
280 340 368 399 deum
390 341 422 398 in
444 342 500 400 hoc
523 345 595 401 actu
617 342 762 401 iudicium
784 361 870 402 suum
898 343 1076 404 mirabiliter
1103 366 1206 421 opera-

190 433 256 488 tum
278 431 368 500 fuisse
393 432 423 488 et
446 429 542 489 dioere
566 431 626 490 alia
648 431 812 491 incidentia
835 435 991 509 oportuna.

256 518 397 579 Fabius.
434 519 515 579 Bene
538 518 627 595 adsis,
650 519 755 579 doctor
777 523 808 580 et
830 523 917 596 pater
938 524 993 581 mil

256 607 510 668 Bernardinua.
548 609 631 683 Fabi,
668 610 763 669 salve!
800 609 881 679 Quae
914 612 1003 670 turba
1036 615 1080 671 est
1112 613 1206 672 haec?

161 698 257 771 equis
281 700 334 769 est,
358 698 412 772 qui
434 698 551 773 pendat,
576 700 606 757 et
629 698 741 774 quare?

256 786 289 843 F.
327 785 494 861 Stephanus
513 787 671 846 Porcarius
690 788 739 846 hic
764 793 817 862 est,
841 791 894 865 qui
913 792 1121 867 magnanimus
1144 810 1205 851 non

189 878 344 933 contentus
360 877 472 934 civium
491 877 662 935 condicione
677 877 715 935 ad
735 877 900 936 dominium
914 879 1026 938 Romae
1045 879 1203 940 ambiebat.

255 963 289 1022 B.
326 964 488 1041 Relegatus
512 968 577 1023 erat
599 964 765 1042 Bononiae3
789 967 908 1041 quando
931 967 1034 1027 venit?

255 1050 287 1112 F.
324 1053 354 1111 Is
372 1055 569 1131 relegatione
602 1058 772 1131 contempta
803 1058 837 1114 111
873 1059 1002 1131 quatuor
1032 1058 1136 1116 diebus
1168 1059 1204 1117 de

147 1166 173 1205 11
188 1141 324 1201 Bononia
351 1142 477 1202 Romam
504 1146 595 1203 venit.
642 1143 749 1203 Tribus
779 1145 884 1204 diebus
914 1148 1000 1205 stetit
1021 1146 1133 1206 Romae
1157 1166 1203 1206 oc-

189 1231 286 1290 cultus
310 1232 471 1291 factionem
494 1232 599 1308 exequi
622 1251 746 1309 parans,
770 1253 831 1309 qua
854 1251 1004 1293 summurn
1033 1235 1204 1311 pontificem

187 1322 217 1378 et
249 1320 415 1379 cardinales
448 1339 552 1396 cepere
576 1324 607 1380 et
639 1323 771 1382 occidere
794 1342 830 1382 ac
856 1323 935 1383 bona
969 1326 1069 1383 omnia
1102 1344 1203 1383 eorum

186 1428 290 1485 rapere
321 1428 356 1468 ac
388 1412 480 1469 etiam
512 1410 639 1470 curiales
672 1430 773 1471 omnes
802 1415 832 1471 et
863 1415 1042 1473 mercatores
1072 1414 1202 1473 forenses

186 1498 343 1574 depredari
366 1502 449 1559 etse
472 1500 628 1559 tribunum
650 1500 746 1577 plebis
769 1501 867 1560 facere
889 1502 1073 1561 intendebat.

148 1610 171 1650 15
253 1587 287 1645 B.
325 1586 402 1656 Quid
431 1589 533 1647 audio!
569 1589 674 1647 feritas
698 1590 834 1666 grandis!
871 1591 1011 1665 procedet
1049 1592 1202 1661 Quomodo

185 1676 277 1735 factio
301 1676 339 1735 ad
362 1677 459 1735 lucem
481 1675 585 1737 venit?

252 1766 284 1823 F.
322 1765 427 1842 Aliqui
450 1766 672 1826 adfectionem
696 1768 841 1843 appellati
866 1770 1039 1828 revelarunt
1066 1788 1202 1829 reveren·

186 1853 315 1913 dissimia
353 1854 479 1915 dominis
510 1855 666 1915 Dominico
699 1856 735 1915 de
763 1854 928 1932 Orapanica
959 1858 1045 1916 tituli
1081 1862 1202 1919 sanctae

187 1941 288 2002 Orucis
307 1943 472 2019 presbitero
493 1943 654 2019 Oardinali‚
677 1945 737 2004 civi
756 1947 847 2004 etiam
865 1946 1009 2021 Romano,
1028 1949 1058 2005 et
1075 1948 1201 2007 Nicolao

144 2056 170 2094 11
185 2032 221 2090 de
239 2032 416 2109 Amigdanis
440 2032 578 2109 episcopo
593 2034 768 2094 Placentino
791 2054 826 2092 ac
844 2054 940 2111 papae
964 2036 1200 2096 vicecomerario.

184 2120 226 2178 Hi
250 2139 364 2179 summo
387 2122 523 2197 pontifici
555 2142 619 2182 rem
651 2142 742 2198 quam
774 2125 862 2183 citius
894 2126 1069 2184 retulerunt.
1116 2127 1201 2186 Vice-

184 2211 362 2269 camerarius
385 2214 491 2287 postea
514 2212 616 2270 statim
641 2212 740 2271 missis
763 2213 847 2288 prius
871 2214 1022 2289 aliquibus
1050 2215 1200 2290 peditibus

184 2298 301 2358 circiter
324 2300 542 2379 quinquaginta
566 2303 756 2377 magnanime
775 2320 810 2360 11
833 2322 887 2379 per
908 2323 975 2360 eum
993 2306 1093 2362 vocati
1116 2323 1200 2363 sena-

182 2390 240 2462 tor,
263 2393 494 2463 conservatores,
518 2390 618 2465 oapita
638 2390 795 2469 regionum
813 2392 895 2450 urbis
914 2410 949 2450 11
972 2393 1200 2452 merreschalcbi

143 2500 168 2539 aa
184 2477 304 2536 domum
339 2476 483 2553 Stephani
515 2477 661 2553 Porcarii,
693 2482 726 2537 111
759 2499 817 2555 qua
840 2480 980 2557 Baptista
1004 2480 1093 2540 Sarra
1125 2483 1199 2543 civis

183 2566 334 2625 Romanus
358 2568 487 2645 armiger
509 2567 649 2627 bannitus
673 2587 740 2628 cum
764 2569 853 2628 ce1tia
876 2570 964 2629 sociis
987 2589 1041 2647 pro
1069 2572 1199 2632 factione

182 2654 290 2731 stabat,
314 2673 469 2715 accessere.
517 2656 574 2715 Sed
603 2656 728 2716 audiens
756 2659 829 2717 haec
852 2657 993 2735 Baptista
1021 2661 1113 2719 exivit
1136 2663 1199 2719 ani·

182 2763 262 2804 mose
284 2764 338 2820 per
365 2748 483 2821 portam
510 2746 604 2820 ipsius
633 2746 739 2805 domus
763 2750 793 2805 et
819 2767 873 2823 per
904 2747 1019 2822 pedites
1051 2752 1198 2809 transiens

182 2844 249 2891 cum
282 2835 413 2909 quinque
445 2834 533 2894 sociis
560 2836 790 2894 vicecomerario
822 2854 957 2895 seorsum
980 2841 1010 2895 et
1031 2840 1064 2896 in
1096 2840 1198 2914 platea

141 2945 168 2985 eo
183 2922 333 2981 Minervae
356 2926 427 2982 tuno
451 2924 595 2983 existente
619 2927 649 2983 et
671 2944 732 2983 non
754 2925 874 2984 vidente
901 2926 978 2984 liber
1007 2928 1115 3000 evasit,
1143 2929 1197 2985 ali-

253 3136 268 3181 2
287 3128 375 3183 fuisse
394 3129 476 3183 etde
499 3129 573 3186 bono
599 3130 737 3199 regimine
755 3129 867 3183 Nicolai
885 3148 959 3200 pape
985 3131 1078 3199 quinti
1104 3130 1198 3185 dicere

182 3214 215 3253 ao
232 3200 264 3253 in
282 3200 476 3270 spiritualibus
500 3202 529 3254 et
553 3200 756 3270 temporalibus
784 3201 909 3255 dominio
937 3218 1011 3271 pape
1030 3204 1068 3255 K.
1092 3205 1101 3271 ΙΙ
1124 3209 1140 3255 6
1159 3204 1197 3257 ad

180 3287 269 3327 11111
295 3274 506 3343 1191111111
538 3274 603 3327 Ber.
631 3274 726 3342 arpuit
752 3274 801 3326 boc
826 3274 937 3327 1111111
964 3275 1084 3340 iuferius
1113 3274 1140 3327 V
1165 3276 1197 3329 11

180 3342 673 3484 111111111111111111111
687 3345 745 3467 ”210⁰
753 3343 1031 3477 patritii*
1045 3350 1079 3469 {i
1098 3347 1196 3472 icc:

180 3485 247 3538 calli
266 3487 303 3539 K.
322 3488 331 3555 i
353 3491 386 3540 25
406 3486 444 3541 ad
463 3486 575 3539 domum
596 3486 633 3539 K.
657 3488 666 3554 ll
690 3491 724 3539 26
743 3485 889 3539 diffidatus
908 3503 958 3541 seu
976 3488 1110 3542 bannitus
1130 3492 1168 3543 K.
1187 3492 1197 3559 fl

181 3561 214 3609 29
233 3560 294 3610 tum
314 3573 438 3611 seorsum
458 3558 495 3609 K.
