2659 3909
177 231 220 294 36
659 229 699 283 III

176 381 317 459 Indulget
340 382 366 440 si
389 380 455 455 quis
478 381 604 440 miserae
626 380 702 439 mihi
723 380 830 457 reddat
853 380 1017 456 alumnum,

223 469 291 530 Sive
313 471 361 528 vir
382 468 498 529 invidia
520 472 583 529 sive
606 472 646 529 sit
668 470 721 528 ille
744 469 824 529 dens.

137 580 162 619 rs
177 559 264 618 Hune
287 558 456 635 quicunque
479 558 553 617 mihi
577 578 629 619 seu
651 560 700 617 vir
722 576 776 618 seu
798 560 910 618 femina
932 559 987 617 fiat

222 648 358 721 Duxerit,
380 647 413 706 in
436 647 581 707 Venerem
605 650 714 707 ounota
736 648 826 707 linere
849 648 960 723 sinam3

178 736 243 806 Qua
265 737 360 797 lateat
382 736 430 795 vel
453 736 505 812 qui
528 738 647 796 tantum
670 735 844 813 patefecerit
867 755 960 809 oram,

221 826 272 885 Illi
294 844 350 903 ego
371 844 426 902 pro
449 825 564 885 meritis
588 825 718 902 spondeo
740 824 897 885 basiolum.

177 915 317 991 Prospioe
340 933 378 974 ne
399 916 550 975 ineassum
572 917 668 974 statui
689 915 746 974 tibi
769 914 848 975 dona
869 914 995 989 labores,
1120 963 1125 976 .

137 1024 163 1063 ao
223 1004 305 1074 Quae
326 1006 469 1084 poterunt
491 1003 572 1081 ipsos
595 1004 756 1063 sollicitere
779 1004 857 1064 deos.

177 1093 259 1153 Neve
283 1093 383 1153 oeulos
406 1092 495 1152 fallat
517 1094 583 1152 nati
605 1093 761 1154 volitantis
783 1095 894 1170 image,

223 1180 442 1259 Signatum,
466 1201 524 1258 quo
548 1183 588 1241 sit
610 1183 711 1242 notior
732 1183 784 1241 ille
807 1182 873 1241 tibi.

178 1271 293 1329 Inoedit
315 1270 413 1331 nudus
436 1290 512 1348 puer
534 1274 565 1331 et
587 1272 651 1330 sine
674 1271 786 1331 lumine
809 1272 920 1345 uoltus,

221 1360 392 1435 Purpureas
414 1361 513 1420 tenuis
536 1360 664 1419 ventilat
687 1379 761 1420 aura
784 1378 892 1420 eomas.

138 1468 163 1508 es
179 1449 334 1525 Dependet
355 1449 497 1524 pharetra
520 1468 556 1508 ex
577 1449 719 1523 humeris,
742 1448 850 1525 quibus
873 1449 991 1508 addidit
1014 1450 1077 1509 alas

222 1538 290 1614 Ipse
313 1540 408 1613 pater,
430 1537 567 1597 manibus
589 1540 679 1617 ignee
700 1539 764 1598 tela
786 1540 872 1616 gerit.

177 1626 223 1685 Ne
245 1646 338 1702 prope
362 1628 402 1686 sis
425 1630 513 1703 rapto
537 1646 604 1687 eum
626 1627 722 1686 telum
743 1628 898 1686 intorserit
922 1645 1000 1701 nou,

222 1716 285 1775 Neo
308 1719 421 1791 spectes
444 1718 541 1775 teneri
564 1719 678 1792 quanta
700 1716 740 1776 sit
763 1718 810 1774 ira
831 1715 888 1774 dei.

178 1804 268 1864 Multi
291 1806 382 1863 etiam
405 1805 496 1865 fortes
521 1823 637 1865 sensere
661 1802 816 1881 Cupidinis
838 1806 924 1879 intus,

137 1912 164 1952 ro
224 1893 319 1970 Saepe
342 1894 425 1952 dedit
447 1894 538 1953 Marti
561 1895 694 1969 vulnera,
717 1912 806 1969 saepe
828 1893 917 1953 Iovi:

178 1982 227 2041 Ah
251 1982 386 2059 quotiens
409 1982 532 2043 miseros
555 2002 634 2043 vana
656 2000 709 2059 spe
731 1982 805 2042 lusit
827 1986 962 2042 amantes

224 2072 264 2130 Et
287 2070 450 2148 desperetis
473 2075 546 2132 vota
568 2072 698 2131 secunda
721 2071 818 2132 dedit!

179 2160 316 2219 Blandiri
338 2164 482 2235 assuetus,
507 2161 558 2220 sed
580 2160 659 2220 fellis
684 2161 814 2221 amarior
835 2162 946 2220 haustu

224 2250 317 2308 Plena
339 2268 505 2310 venenosae
527 2252 649 2326 pentorn
671 2250 786 2311 fraudis
809 2250 906 2310 habet.

138 2358 165 2397 45
180 2338 275 2414 Saepe
297 2338 381 2397 iubet
403 2338 546 2398 simulare
569 2341 600 2398 et
621 2339 761 2400 lascivire
783 2340 900 2419 puellas

156 2446 157 2449 ยน
223 2428 307 2486 Inter
330 2430 478 2487 amatores
502 2428 692 2504 offioiumque
715 2432 814 2507 negat.

180 2516 293 2576 Saltem
317 2519 343 2577 si
366 2536 425 2592 qua
447 2518 523 2575 mihi
544 2517 705 2577 violentior
728 2536 802 2577 aura
825 2519 961 2595 fugacem

224 2607 384 2681 Restituat,
406 2624 529 2682 possum
552 2610 649 2666 oetera
672 2607 782 2667 demna
804 2610 877 2683 pati.

180 2696 220 2753 Ni
241 2695 379 2755 reduoem
401 2697 526 2755 miserae
550 2695 686 2755 dederint
707 2698 759 2773 pia
782 2697 905 2755 numina
928 2699 1042 2770 natum,

139 2801 166 2842 so
225 2784 380 2861 Spectabit
401 2802 512 2860 paucos
535 2786 585 2845 vix
607 2805 675 2845 mea
697 2787 762 2844 vita
784 2786 855 2845 dies.

644 2884 730 2937 Finit.
