2659 3909
190 173 217 227 X
596 170 802 226 PRAEFATIO

192 325 276 383 euius
312 323 470 398 imperium
507 322 579 383 fatis
611 322 670 381 sibi
701 324 742 382 sit
777 322 968 383 destinatum.
1012 322 1208 382 Nicodemum

190 414 293 472 autem
315 411 411 486 illum,
434 412 473 470 ad
496 431 584 487 quem
606 411 752 471 Horatius
775 431 894 471 carmen
922 414 1057 487 miserat,
1080 412 1206 471 Nicode-

190 522 274 560 mum
301 501 539 560 Tranohedinum
571 500 834 560 Poniremolanum
866 500 996 560 Sfortiae
1027 502 1208 561 familiarem

190 608 255 650 asse
278 608 394 649 summa
417 608 484 648 cum
506 591 571 649 vari
593 591 691 666 specie
713 591 785 650 licet
806 591 962 665 suspicari,
990 591 1043 665 qui
1064 590 1118 649 illo
1141 592 1207 667 ipso
1316 649 1325 667 ¹

192 682 325 755 tempore
348 679 465 757 legatus
488 678 601 738 Romae
623 698 745 738 munere
769 681 852 738 ducis
874 671 1096 759 fungebatur.¹)

258 767 380 827 Horatii
411 768 602 842 carminibus,
634 767 801 844 dequibus
825 768 922 827 adhue
953 768 1091 842 diximus,
1122 769 1207 828 lectis

190 856 349 917 Nicolaum
372 856 400 912 V
432 856 593 916 adductum
619 876 692 928 esse,
724 860 758 916 ut
788 859 910 933 poetam
933 857 972 916 ad
1002 858 1099 916 maius
1132 875 1207 933 opus
1324 905 1327 934 ᾖ

190 946 425 1024 aggrediendum
456 946 623 1023 impelleret
654 946 737 1005 haud
759 946 878 1005 videtin
908 946 1116 1022 improbabile.
1161 946 1207 1005 De
1325 941 1326 946 ’

193 1055 253 1111 qua
274 1054 306 1094 re
327 1034 443 1094 Aeneas
463 1034 583 1111 Sylvius
606 1037 639 1093 in
657 1035 794 1095 Historia
817 1036 853 1095 de
872 1036 994 1111 Europa
1016 1054 1095 1094 anno
1120 1036 1206 1094 1458

190 1125 327 1185 confecia
350 1124 423 1183 haec
446 1115 565 1205 dicit¹):
595 1124 636 1183 Ia
658 1125 783 1183 Homeri
804 1141 872 1183 uero
889 1129 1031 1198 poemate,
1061 1126 1138 1199 qaod
1161 1126 1208 1183 be-

190 1216 269 1273 roico
292 1216 422 1273 carmine
444 1213 569 1272 latiiurm
591 1216 658 1285 fieri
684 1230 859 1287 mapaopere
890 1215 1031 1287 cupiebat,
1054 1232 1121 1273 eum
1137 1214 1208 1287 piu-

191 1305 261 1362 rimi
286 1304 444 1361 moremei
473 1320 572 1376 perere
603 1308 787 1377 concreatur,
818 1320 897 1361 uuus
929 1308 1044 1361 tautam
1073 1305 1209 1362 iuventas

190 1396 241 1460 est,
264 1394 315 1463 qui
338 1393 401 1451 acii
423 1392 485 1451 eius
511 1392 619 1451 iudicio
647 1393 841 1463 satisfaceret,
871 1391 1017 1451 Horatius
1047 1392 1209 1461 Berraum,

191 1482 242 1553 qai
264 1482 423 1539 scribatam
450 1481 638 1554 apostolicam
661 1499 696 1540 ea
719 1481 754 1539 de
776 1498 808 1539 re
839 1485 1006 1539 massuetus
1038 1484 1209 1555 aequisque

184 1570 446 1644 pollicitationibus
468 1570 579 1629 illectas
601 1570 733 1630 Iliadem
758 1586 911 1643 oppressas
938 1570 1094 1628 uoaaaiios
1117 1587 1151 1628 es
1173 1588 1209 1629 eo

192 1660 282 1718 libros
314 1660 420 1718 latinos
443 1660 510 1732 fecit
538 1659 654 1732 duces,
682 1676 753 1732 quos
783 1662 885 1717 nostra
911 1660 1083 1727 miraretur,
1104 1662 1209 1731 prisca
1321 1722 1329 1745 ι

191 1765 252 1807 aaa
282 1750 472 1821 improbasset
499 1752 588 1807 aetas.
635 1747 748 1818 Quodsi
765 1766 859 1805 unum
878 1746 1038 1806 Horatium
1055 1746 1206 1822 pontificis

189 1836 302 1896 iudicio
339 1837 517 1896 satisfecisse
550 1837 636 1910 dicit,
673 1854 735 1895 rem
768 1838 847 1895 certe
878 1836 976 1895 verbis
1004 1837 1095 1895 nimis
1125 1838 1209 1895 auxit

192 1927 317 2000 Aeneas,
341 1944 409 1984 cum
432 1927 523 1984 etiam
545 1927 707 2003 specimine
724 1926 830 1984 Iliadis
849 1945 868 1984 a
887 1924 993 1985 Oarolo
1012 1926 1206 2001 Marsuppino
1321 2012 1329 2030 η

190 2016 370 2075 cancellario
388 2014 562 2074 Florentino
584 2015 749 2074 translatae
772 2033 888 2073 summa
906 2014 1103 2073 admiratione
1122 2014 1208 2073 affec-

191 2107 258 2163 tum
281 2123 345 2163 esse
367 2104 528 2162 Nicolaum
555 2106 679 2163 constet.
724 2104 860 2163 Mortuus
888 2106 989 2163 autem
1016 2105 1061 2163 est
1084 2101 1208 2163 Carolus

191 2212 293 2251 mense
322 2192 423 2269 Aprili
454 2195 526 2251 anni
551 2194 635 2252 1453
670 2212 720 2253 sex
751 2192 901 2252 mensibus
932 2195 1002 2269 post
1033 2211 1121 2267 quam
1155 2211 1209 2267 per

191 2282 311 2341 litteras
334 2301 402 2341 eum
427 2281 650 2341 collaudaverat
672 2274 853 2363 pontifex³)3
883 2284 974 2357 atque
996 2284 1062 2339 tum
1090 2281 1208 2339 demum

190 2370 352 2430 Horatium
386 2389 438 2447 spe
467 2372 579 2430 favoris
609 2370 757 2446 pontificii
787 2373 968 2430 commotum
996 2371 1045 2429 vel
1075 2370 1112 2428 ab
1142 2372 1208 2445 ipso

192 2462 371 2539 instigatum
403 2478 476 2536 opus
507 2461 544 2519 ab
575 2460 629 2519 illo
662 2462 805 2519 omissum
836 2460 1001 2535 suscepisse
1033 2458 1210 2520 crediderim

192 2582 237 2590 —
260 2568 336 2625 opus
359 2552 438 2608 certe
460 2552 538 2608 vires
563 2551 626 2608 eius
651 2549 805 2624 excedens,
832 2548 943 2626 quippe
971 2548 1052 2623 quod
1079 2549 1128 2608 vel
1149 2549 1208 2607 Ba-

190 2640 287 2699 sinius
309 2638 479 2698 Parmensis
502 2641 591 2713 poeta
614 2638 703 2716 longe
725 2638 820 2714 pluris
844 2637 1046 2697 aestimandus
1075 2637 1208 2698 modeste

191 2747 212 2787 a
230 2747 260 2788 se
283 2720 485 2809 removerere)
530 2728 697 2787 Nonnullos
721 2729 822 2786 autem
837 2726 943 2786 Iliadis
961 2726 1053 2787 libros
1073 2728 1209 2803 quamvis

192 2836 253 2876 non
275 2818 338 2877 sint
365 2819 477 2892 reperti
507 2818 580 2892 quin
602 2836 634 2875 re
664 2836 736 2875 vera
763 2816 954 2875 transtulerit
975 2816 1120 2875 Horatius
1149 2834 1209 2873 non

193 2909 238 2965 est
270 2924 323 2965 eur
354 2905 532 2979 dubitemus,
564 2924 631 2965 cum
669 2908 762 2964 etiam
797 2908 903 2982 postea
925 2906 979 2965 Pio
1002 2904 1034 2963 H
1068 2902 1208 2979 pontifice

192 2995 323 3055 Homero
358 2994 564 3055 transferendo
601 3013 724 3070 operam
761 3014 828 3053 eum
865 2994 979 3053 dedisse
1016 2992 1163 3051 efficiatum
1192 3010 1209 3051 e

310 3396 443 3451 Aeneae
463 3395 566 3450 Silvii
585 3412 678 3464 opera,
697 3394 825 3449 Basileae
846 3400 924 3459 1551,
942 3412 970 3463 p.
986 3398 1046 3447 459.

312 3468 428 3539 Volgi,
447 3466 706 3537 Wiederbelcbung
724 3466 773 3531 des
792 3467 873 3521 class.
892 3465 1048 3521 Altertums
1069 3464 1194 3531 ⁸11‚1es.

311 3540 445 3623 Basinii
463 3539 620 3593 Parmensis
639 3553 733 3607 opera,
752 3538 873 3592 Arimini
892 3543 971 3605 1794,
990 3536 1021 3592 T.
1035 3536 1069 3590 II.
1083 3536 1113 3589 Ρ.
1128 3535 1149 3605 Ι,
1165 3542 1207 3590 13.
