2659 3909
163 206 207 270 24
653 208 680 262 Π

109 377 149 419 ns
163 358 246 418 Arva
267 360 336 435 piis,
359 358 450 418 dubio
473 360 563 418 simul
586 358 764 436 obstupuere
786 361 928 420 tumultu

165 446 297 523 Quisque
321 446 359 507 ad
381 448 443 507 tela
465 466 554 508 ruens
579 468 654 524 quae
677 453 744 507 tum
766 449 859 509 dabat
880 451 1011 526 impetus
1033 468 1118 509 arma

165 534 346 614 Corripiunt,
368 538 525 612 tamquam
547 540 632 597 vivos
654 540 721 597 fera
742 538 822 598 bella
843 539 982 617 fatigent,

162 625 286 701 Iamque
310 625 388 686 acies
412 628 555 701 strepitus
577 628 716 686 incendia
739 630 770 687 et
792 646 876 686 arma
897 630 1001 689 ruinas

163 713 242 773 Ante
266 715 367 774 oculos
390 714 518 775 volitare
540 719 657 793 putant.
705 715 813 793 Stupet
834 718 930 776 inscia
952 736 1051 777 rerum

108 822 148 863 rso
162 803 264 862 liuba
287 803 404 879 ducum,
427 806 496 863 ante
520 806 595 864 alios
619 805 671 881 qui
694 806 808 881 primus
830 806 862 864 in
885 805 1003 885 agmine
1026 809 1161 884 praestat

163 890 272 967 Scipio,
294 891 343 953 cui
364 895 466 953 tantos
490 893 572 953 dedit
594 894 698 953 Africa
720 896 802 955 victa
823 895 999 971 triumphos.

161 980 331 1059 Assurgens
354 982 455 1042 cubito
478 982 645 1058 intrepidus
669 983 855 1043 circumtulit
877 984 1004 1061 hastam,

163 1068 218 1129 Oui
240 1073 306 1129 tum
328 1073 415 1130 nixus
438 1074 516 1131 eret:
539 1072 680 1131 Nondum
702 1076 789 1132 vetus
812 1073 922 1133 excidit
944 1074 991 1132 ira

162 1159 262 1236 Atque
285 1161 395 1219 iterum
418 1161 546 1221 insultat
568 1164 689 1221 nostrae
711 1163 791 1221 ferus
814 1161 968 1222 Hannibal
989 1163 1058 1222 urbi

108 1266 148 1307 111
162 1248 320 1308 Excidium
342 1251 473 1308 referens
495 1250 614 1326 populis
637 1250 785 1327 Latioque
807 1251 926 1310 ruinam

161 1337 225 1396 Aut
247 1337 336 1396 Pauli
359 1340 531 1398 anteaeies
547 1340 703 1417 insignem
726 1341 879 1415 quaeritet
901 1340 1047 1401 umbram.

160 1425 215 1485 Ibo
238 1427 346 1486 animis
369 1430 488 1486 contra:
510 1447 666 1503 nunquam
688 1430 764 1487 milri
786 1429 883 1507 gloria
905 1432 1010 1505 maior,

160 1516 287 1574 Vincere
311 1534 403 1592 quam
424 1515 540 1576 Poenos
563 1517 666 1577 urbem
689 1517 879 1594 patriamque
901 1519 989 1577 tueri.

160 1604 323 1665 Prosiliens
345 1607 457 1681 raptim
480 1624 598 1683 gressus
621 1624 675 1682 per
697 1625 792 1682 opaca
813 1610 973 1666 nocentum

107 1711 147 1753 reo
161 1693 289 1752 Tartara
311 1694 409 1753 tendit
431 1696 498 1769 iter,
520 1696 634 1771 passim
656 1696 858 1771 ebomspicit
878 1695 1000 1755 umbras

160 1781 311 1843 Pallentes
334 1782 425 1842 Erebi
448 1782 572 1862 Stygiae
595 1783 749 1859 noctisque
772 1784 918 1844 tenebras.

161 1871 303 1930 Dirarum
325 1872 419 1932 furias
441 1874 562 1933 tantum
584 1873 755 1933 cmdescere
778 1873 870 1933 sentit
923 1932 925 1936 .

160 1959 256 2020 Unius
279 1962 312 2019 in
334 1980 445 2037 poenas
468 1962 656 2038 stimulisque
680 1962 797 2040 agitare
819 1962 956 2023 colubras

160 2048 373 2126 Horrescitque
395 2053 496 2110 tuens:
519 2052 697 2127 „Paffiaene
719 2052 775 2110 hac
798 2056 877 2111 sorte
900 2051 1025 2112 rebelles

107 2157 146 2199 111
160 2138 341 2198 Flectuntur
362 2140 465 2198 miseri
487 2140 652 2201 dominisve
676 2140 801 2200 infanda
823 2139 984 2217 parantes?

159 2226 228 2288 Heu
250 2227 308 2286 tibi
331 2228 394 2289 dire
418 2228 479 2288 deis
503 2230 603 2288 milesl
625 2249 674 2289 me
696 2248 744 2289 me
765 2229 863 2289 indice
886 2230 992 2290 saltem

159 2315 311 2375 Debueras
335 2336 476 2393 superum
498 2321 529 2377 et
550 2318 669 2394 patriae
690 2338 751 2377 non
773 2322 906 2377 temnere
928 2316 1043 2379 curas.“

160 2406 237 2463 lum
261 2408 356 2484 magis
379 2407 528 2467 insultant
549 2408 655 2481 furiae,
678 2408 775 2485 magle
797 2411 885 2486 urget
906 2408 1029 2468 anhelas

159 2494 210 2553 Ira
233 2494 310 2556 deas.
356 2495 431 2554 Diro
453 2495 591 2555 flectebat
614 2496 651 2555 ab
675 2499 773 2556 omine
795 2498 916 2556 vultum

106 2603 147 2643 rao
161 2583 271 2659 Scipio,
294 2602 365 2643 nam
387 2586 503 2660 patriae
526 2584 648 2661 pietatis
672 2586 803 2662 imagine
825 2589 930 2662 raptus

160 2673 219 2731 Tot
241 2673 386 2732 scelerum
408 2692 520 2750 poenas
542 2676 630 2751 longe
652 2674 829 2752 indignatus
853 2674 1000 2735 abhorret.

160 2761 311 2821 Tartareis
333 2765 493 2839 postquam
516 2781 634 2822 sacrum
656 2765 748 2840 capnt
770 2764 880 2823 extulit
901 2764 1025 2839 umbris,

159 2850 295 2910 Luminis
319 2854 350 2910 et
372 2851 448 2911 caeli
471 2852 584 2911 fruitur
604 2852 777 2913 melioribus
800 2855 896 2928 auris3

159 2939 208 2997 Ad
230 2941 381 2999 tumulum
403 2958 505 3000 rursus
528 2943 671 3001 mortales
692 2941 792 3002 induit
815 2946 906 3002 artua.

106 3047 145 3089 111
160 3028 218 3087 Η11
241 3030 330 3089 simul
354 3048 422 3089 ossa
443 3048 523 3089 nova
545 3030 704 3109 glomerari
727 3032 759 3090 in
782 3050 870 3092 carne
892 3031 1020 3104 videres,

159 3118 260 3193 Atque
282 3119 383 3195 ipsum
405 3118 523 3195 liquida
545 3120 658 3196 spirare
681 3121 714 3179 in
736 3138 808 3179 voce
831 3121 958 3180 cadaver

159 3205 368 3284 Pallentesque
391 3208 523 3268 animam
546 3209 655 3269 sensim
678 3212 817 3288 vegetare
839 3229 893 3285 per
915 3212 1000 3268 artus

161 3294 306 3372 Coeperat
328 3300 359 3357 et
381 3300 480 3374 prisca
502 3298 568 3358 fieri
589 3300 739 3377 gravitate
761 3299 915 3359 verendus.

158 3385 215 3445 Ille
239 3387 398 3463 sepulcrali
421 3406 573 3465 respersus
595 3389 717 3465 pulvere
739 3394 843 3465 pectus

232 3579 283 3628 180
301 3575 488 3645 1111111111Βὸ
507 3578 638 3646 parentes
