2659 3909
205 185 244 238 VI
609 183 815 239 PRAEFATIO

204 339 237 395 in
261 338 448 413 ephemeride
473 356 550 413 quae
573 336 746 396 inscribitur
768 336 910 396 Ambivio
934 336 1013 395 della
1036 329 1146 395 6661611
1163 335 1222 395 Ro-

205 445 295 486 mana
314 426 346 484 di
363 426 457 485 storia
479 426 580 502 patria
598 425 708 485 xxm.
732 427 818 486 1900
840 446 870 502 p.
885 426 975 503 bsqq.
1020 425 1136 485 Ibidem
1159 426 1222 484 dia-

204 518 283 573 rium
315 515 431 575 itineris
463 514 559 574 italici
583 514 663 591 quod
684 515 737 573 ille
769 519 941 590 susceperat
971 517 1056 575 annis
1082 516 1167 574 1587
1192 518 1222 574 et

208 606 292 663 1588
317 604 475 681 vulgatum
499 608 552 663 est.
597 605 686 663 Anno
711 606 810 663 autem
831 604 915 664 1599
940 604 1100 664 Ultraiecti
1122 605 1221 664 sedern

204 693 335 753 habebat
356 693 528 753 Buchellius
561 694 750 768 codicemque
777 694 864 751 illum
895 695 967 753 emit
990 714 1025 752 ex
1056 694 1220 753 hereditate

204 782 359 842 cuiusdam
382 782 419 842 de
443 782 472 841 S.
496 782 672 859 Aldegonde
694 782 812 840 familia
834 782 953 841 Batava
975 783 1169 843 nobilissima.

271 872 434 931 Veniamus
466 890 544 930 nunc
578 871 616 930 ad
647 873 781 930 carmina
815 890 890 947 quae
922 873 954 930 in
985 872 1086 931 codice
1117 875 1220 932 nostro

203 962 344 1038 leguntur
372 961 505 1020 breviter
533 960 722 1020 illustranda.
769 960 850 1031 Quae
880 961 918 1020 ab
948 962 1014 1037 ipso
1037 961 1165 1020 Horatio
1187 964 1221 1019 in

205 1069 300 1108 unum
333 1068 439 1126 corpus
471 1049 593 1109 redacta
626 1068 688 1109 6666
720 1052 834 1109 certum
865 1050 992 1125 videtur,
1025 1052 1105 1109 errat
1141 1053 1221 1109 enirn

203 1138 327 1198 Vossius
351 1158 418 1198 curn
441 1138 657 1215 praefationem
681 1157 770 1216 prosa
797 1141 932 1198 oratione
960 1142 1158 1216 conscriptam
1181 1140 1221 1199 ad

204 1229 299 1287 solam
317 1228 488 1287 Porcariam
505 1230 659 1303 ‚pertinere
678 1228 759 1286 dicit.
805 1228 901 1287 116166
920 1228 958 1287 61
976 1231 1076 1288 totum
1099 1248 1219 1305 corpus·

204 1318 304 1375 culum
326 1318 428 1375 referri
453 1316 541 1376 debet
562 1335 658 1392 neque
683 1318 778 1376 altera
798 1320 917 1391 praeter
935 1336 1001 1376 eam
1019 1321 1116 1377 616161
1134 1338 1218 1395 prae-

202 1406 292 1481 fati03
315 1408 425 1465 etenim
445 1408 497 1482 qui
520 1408 686 1481 sequuntur
708 1424 810 1465 versus
839 1407 963 1483 elegiaci
987 1407 1026 1465 61
1047 1407 1219 1483 pontificem

202 1495 366 1571 conscripti
388 1514 448 1553 non
471 1495 627 1572 praefatio,
651 1494 702 1554 sed
724 1496 855 1571 primum
878 1497 1009 1571 corporis
1033 1514 1151 1555 carmen
1175 1500 1220 1557 est

203 1584 440 1643 existimandum.
488 1583 586 1642 (16161
610 1586 711 1643 661616
734 1585 887 1660 eleganter
909 1586 1038 1660 scriptus
1065 1586 1218 1662 nitidaque

202 1676 325 1732 ornatus
351 1675 449 1731 neseio
473 1692 512 1731 an
538 1673 618 1732 idem
640 1675 682 1732 611
709 1692 797 1748 quem
824 1672 914 1732 Petro
941 1673 1072 1733 Lunensi
1099 1676 1219 1734 Nicolai

202 1762 230 1818 V
253 1762 487 1821 familiarissimo
510 1762 593 1821 misit
615 1762 768 1821 Horatius.
814 1762 891 1821 Erat
908 1763 934 1821 is
956 1766 1092 1839 poeticae
1114 1765 1217 1823 huma·

202 1852 366 1926 nitatisque
402 1851 509 1910 studiis
542 1855 573 1911 et
603 1852 668 1927 ipse
700 1850 817 1910 deditus
854 1853 1063 1928 amicitiaeque
1099 1855 1218 1914 vinculo

201 1942 379 1999 coniunctus
416 1959 483 1999 cum
514 1939 629 2018 Poggio
666 1940 839 1999 Florentino
871 1940 1085 2018 Leonardoque
1116 1944 1217 2003 Bruno

202 2028 337 2104 Aretino,
364 2031 496 2105 itemque
523 2028 579 2087 filii
612 2028 675 2089 eius
704 2049 792 2105 quem
823 2030 969 2090 Horatius
997 2036 1218 2107 commemorat,

202 2119 251 2177 cui
287 2138 394 2178 nomen
427 2121 492 2178 erat
523 2118 673 2195 Baptista,
705 2137 806 2179 versus
842 2119 984 2196 leguntur
1010 2122 1042 2178 in
1075 2121 1217 2181 Anecdot.

200 2207 327 2266 litterar.
351 2208 409 2267 vol.
428 2207 477 2266 HI
500 2199 627 2289 (Romae
653 2200 754 2289 1773)
777 2228 807 2283 p.
827 2200 936 2289 431.1)

269 2314 365 2383 Quam
388 2315 606 2390 praefationem
621 2333 698 2390 quae
720 2318 887 2389 sequuntur
901 2318 1033 2374 carmina
1047 2316 1120 2375 haec
1134 2320 1217 2377 sunt:

271 2406 298 2461 1.
321 2403 374 2460 Ad
396 2403 587 2462 Nicolaum
614 2403 642 2460 V
671 2402 796 2480 elegia.
844 2401 981 2463 Gelebrat
1012 2407 1102 2480 poeta
1134 2424 1218 2483 egre-

200 2493 282 2570 giam
304 2493 447 2551 virtutem
469 2492 632 2568 pontificis,
661 2512 719 2567 quo
742 2494 886 2568 regnante
913 2510 1004 2553 aurea
1031 2495 1149 2553 saecula
1171 2517 1217 2555 re-

200 2581 278 2641 disse
308 2581 476 2640 videantur.
528 2581 680 2657 Imprimis
709 2582 810 2639 autem
839 2600 930 2656 opera
953 2582 991 2640 ab
1015 2602 1049 2642 eo
1079 2589 1218 2663 suscepta

200 2672 323 2730 summis
351 2670 435 2728 effert
463 2669 611 2745 laudibus,
642 2688 718 2745 quae
747 2670 970 2747 magnificentia
992 2675 1023 2731 et
1051 2674 1216 2749 pulchritu-

200 2760 269 2818 dine
288 2761 389 2818 omnia
411 2759 602 2835 antiquitatis
625 2757 761 2817 aedificia
778 2758 867 2837 longe
891 2764 1038 2837 superent.
1084 2763 1217 2833 Quorum
1327 2830 1329 2837 ‚

201 2868 323 2923 operum
359 2850 438 2907 notis
471 2848 503 2907 in
538 2850 675 2926 margine
712 2846 835 2909 adiectis
872 2855 1142 2911 commemorantur
1178 2854 1216 2912 ab

199 2936 327 2996 Horatio
350 2937 436 2996 haec:
717 3001 722 3009 ,

267 3026 450 3086 Ρ61611616
483 3027 724 3102 apostolicum
755 3027 840 3086 iuxta
870 3028 1026 3088 ecclesiam
1050 3028 1078 3087 S.
1102 3031 1247 3090 Mariae'

272 3254 298 3321 1)
317 3250 481 3317 Mancini,
500 3250 570 3305 Vita
588 3250 618 3303 di
636 3250 760 3305 Lorenao
774 3250 867 3319 Valla,
886 3252 1001 3306 11116666
1021 3258 1099 3321 1891,
1118 3272 1146 3323 p.
1162 3259 1215 3308 286

198 3322 233 3377 N.
250 3328 274 3390 3,
293 3341 320 3391 p.
337 3328 389 3375 276
408 3321 443 3375 N.
458 3328 483 3376 6.
520 3322 611 3388 Liber,
631 3338 716 3390 quem
734 3321 802 3376 olim
820 3323 947 3393 possedit
965 3324 1064 3379 Petrus
1088 3324 1147 3393 ille,
1165 3327 1216 3393 qui

200 3397 357 3448 asservatur
375 3393 497 3449 Viterbii
522 3394 553 3447 in
579 3392 754 3447 bibliotheca
782 3392 947 3464 capitulari,
976 3395 1127 3464 epistulam
1154 3396 1216 3451 6166

199 3466 324 3521 eontinet
356 3465 393 3519 ad
425 3466 601 3521 Leonardum
632 3465 781 3519 Aretinum
812 3466 955 3535 scriptam,
988 3467 1022 3521 61.
1043 3466 1137 3523 Revue
1165 3468 1216 3523 des

198 3536 407 3607 bibliotheques
426 3538 478 3592 vol.
494 3538 528 3608 V,
549 3543 627 3605 1895,
645 3542 749 3607 6144.
