2659 3909
262 235 312 290 DE
331 233 604 290 CONIVRATIONE
622 232 807 289 POROARIA
825 232 1006 289 DIALOGVS
1093 232 1135 298 73

119 386 242 446 dixerit:
264 386 351 446 mitte
370 386 504 465 gladium
521 388 608 445 tunm
625 388 659 445 in
680 385 831 463 vaginam,
850 404 885 443 ac
904 386 996 445 eliam
1015 384 1136 444 dixerit:

120 496 246 553 regnum
268 493 368 534 meum
390 493 450 534 non
473 478 519 535 est
541 475 577 534 de
599 476 656 535 hoc
678 474 798 534 mundo.

186 565 221 624 B.
258 565 343 640 Fabi,
362 567 452 624 armis
475 564 646 624 fortissimis
668 564 771 638 uteris,
794 565 928 622 ιιιιιιιιιι
946 581 1006 622 non
1029 566 1137 623 nocent

119 654 202 713 milri.
249 653 384 714 Christus
415 655 493 712 enim
523 673 577 730 per
608 653 700 713 verba
721 653 777 712 illa
805 671 866 712 non
894 651 1048 729 prohibuit
1070 672 1136 729 per·

92 745 223 819 opetuo,
246 744 297 803 sed
320 762 374 819 pro
397 746 470 801 tunc
492 745 619 802 tantum
666 742 698 800 Si
722 742 801 801 enim
823 742 969 801 voluisset
990 743 1136 817 perpetuo

117 832 285 907 prohibere,
313 832 437 891 dixisset
464 850 598 907 expresse
626 851 680 907 per
702 831 794 890 verba
823 830 1090 908 perpetuitatem
1082 850 1136 889 rm·

117 923 280 997 portantia,
312 924 413 979 teneas
446 920 586 981 videlicet
612 920 661 980 vel
693 919 804 979 habeas
836 919 970 997 gladium
994 922 1113 978 tuum
1103 940 1136 978 ιιι

117 1012 237 1088 vagina.
296 1009 435 1069 Preterea
466 1010 523 1069 hoc
559 1011 699 1085 exprimit
736 1007 871 1069 Christus
904 1007 1045 1083 inferius,
1079 1008 1136 1068 ibi:

117 1118 196 1160 nunc
229 1100 329 1157 autem
360 1118 486 1177 regnum
517 1117 616 1157 meum
649 1117 710 1157 non
739 1102 784 1157 est
815 1098 871 1157 hic.
917 1097 983 1157 Hoc
1013 1097 1137 1156 verbnm

79 1208 105 1248 ro
119 1207 198 1248 nunc
221 1187 294 1264 quid
317 1190 471 1263 importat,
493 1188 553 1247 nisi
575 1191 693 1263 tempus
716 1205 847 1263 presens,
861 1190 891 1245 et
906 1186 986 1262 quod
1000 1185 1136 1246 Christus

118 1279 210 1337 tacite
234 1278 401 1337 consentiat
414 1277 537 1335 Petrum
551 1279 614 1335 eius
628 1277 708 1336 vices
727 1278 879 1353 gerentem
902 1279 932 1334 et
955 1293 1136 1335 successores

119 1367 182 1425 eius
205 1365 306 1443 gladio
334 1368 467 1441 tempore
491 1366 550 1425 alio
573 1366 620 1424 uti
649 1363 757 1441 posse?
789 1365 834 1424 Ex
866 1364 1008 1441 predictis
1035 1364 1136 1439 habes,

119 1454 200 1529 quod
228 1455 334 1514 Petrus
366 1454 458 1514 fuerit
494 1455 632 1514 dominus
663 1454 768 1512 mundi
799 1455 831 1512 in
868 1453 1074 1530 spiritualibus
1107 1456 1137 1513 et

117 1543 334 1619 temporalibus
362 1561 397 1602 ac
429 1543 568 1603 similiter
599 1544 714 1603 domini
740 1544 801 1602 sint
833 1543 880 1603 sui
910 1544 1041 1621 legitimi
1072 1561 1136 1602 suc·

78 1650 255 1693 secessores.
302 1632 360 1691 Sed
387 1635 525 1709 quamvis
548 1634 637 1709 plena
661 1636 692 1692 et
719 1632 865 1711 generalis
892 1635 1025 1707 potestas
1049 1634 1135 1691 attri-

116 1721 191 1780 buta
204 1722 244 1782 sit
262 1741 368 1799 papae,
390 1725 491 1781 tamen
510 1741 577 1783 cum
596 1741 631 1781 ex
649 1721 758 1781 finibus
782 1721 964 1782 condicionis
986 1721 1135 1780 humanae

117 1829 196 1887 papa
219 1828 279 1869 non
302 1811 403 1870 valeat
426 1830 491 1872 eam
514 1830 567 1887 per
590 1830 621 1870 se
650 1810 778 1869 ubilibet
806 1829 939 1870 exercere
963 1812 994 1869 et
1015 1812 1063 1869 tot
1085 1831 1135 1870 ne-

117 1902 208 1977 gotiis
231 1901 378 1975 insistere,
397 1900 470 1959 deus
493 1900 568 1959 alios
590 1899 740 1977 principes
760 1900 798 1958 ad
820 1899 1030 1975 temporalium
1056 1919 1136 1958 exer·

117 1991 222 2047 citium
245 1994 399 2065 tamquam
428 2008 611 2049 summorum
638 1988 815 2066 pontificum
842 1989 970 2048 vicarios
998 1989 1136 2065 permisit

77 2100 103 2139 so
118 2079 284 2153 summique
306 2078 461 2154 pontifices
484 2097 569 2137 suam
591 2078 668 2138 hanc
691 2078 895 2137 condicionem
925 2079 1136 2155 cognoscentes

119 2165 186 2226 aliis
204 2168 417 2243 temporalium
440 2166 622 2242 exercitium,
644 2167 875 2244 imperatoribus
897 2166 1038 2228 videlicet
1056 2186 1137 2226 exor-

118 2256 224 2314 citium
255 2256 467 2333 temporalium
498 2255 644 2334 generale,
677 2256 829 2334 singulare
860 2275 931 2317 vero
962 2256 1082 2333 regibus
1106 2258 1137 2315 et

117 2343 245 2403 dominis
268 2344 394 2405 diversis
417 2347 571 2421 tamquam
594 2345 715 2404 vicariis
733 2346 796 2404 suis
814 2347 907 2404 etiam
926 2346 1134 2420 permiserrmt,

117 2434 289 2493 nullatenus
312 2452 343 2493 se
366 2434 577 2509 superioritate
599 2435 762 2511 privantes,
785 2434 886 2493 sedin
908 2434 1012 2494 multis
1035 2452 1135 2494 occur·

192 2673 299 2728 ldixit
325 2676 364 2730 K.
397 2675 432 2730 cf.
456 2674 628 2741 Joh.18,11.
665 2690 700 2729 ac
718 2673 806 2729 etiam
833 2690 898 2728 cum
924 2672 998 2727 dixit
1025 2675 1063 2729 K.
1100 2673 1136 2727 cf.

116 2744 180 2799 Joh.
197 2750 239 2812 18,
249 2751 292 2800 86.
319 2748 329 2815 l
356 2746 524 2817 8vaginam
543 2748 581 2801 K.
617 2744 737 2800 inferius
764 2761 828 2799 cum
856 2745 946 2799 dicat:
975 2761 1049 2799 nnnc
1070 2746 1135 2815 ΚΗ

120 2821 152 2870 10
172 2816 254 2884 quasi
282 2815 388 2871 Oristus
408 2820 445 2901 K.
478 2820 488 2886 ΙΙ
520 2823 553 2871 12
573 2816 629 2871 ιιιο
657 2819 783 2886 tompore
810 2816 855 2870 uti
881 2830 972 2885 posse.
1009 2815 1047 2870 st
1068 2814 1138 2871 licet

118 2886 226 2941 cristus
250 2889 279 2943 et
302 2888 362 2942 eius
389 2888 511 2942 vicarius
529 2889 629 2943 Petrus
648 2890 678 2942 et
704 2887 788 2941 multi
815 2903 987 2943 successores
1015 2888 1076 2943 eius
1093 2905 1137 2941 re-
1238 2935 1241 2940 .
1325 2905 1326 2908 ¹

117 2959 213 3031 gimen
232 2961 261 3013 et
280 2959 557 3014 administracionem
576 2958 776 3030 temporalium
794 2957 949 3025 omiserint,
971 2960 1068 3014 tomen
1085 2975 1137 3029 per

116 3031 171 3084 hoc
189 3047 246 3084 uon
275 3030 408 3085 domini
399 3049 430 3085 ιιι
457 3030 662 3101 temporalibus
681 3030 740 3085 dici
766 3047 822 3084 non
851 3030 963 3085 debent.
999 3029 1136 3085 Dominus

118 3102 201 3169 enim,
231 3103 358 3169 quamvis
387 3102 666 3157 administracionem
694 3118 808 3156 suorum
835 3101 973 3156 bonorum
1001 3102 1137 3158 concedet

118 3145 210 3240 alteri,
229 3173 360 3228 dominus
378 3177 475 3229 temen
493 3174 607 3228 illorum
629 3174 768 3227 bonorum
794 3175 929 3228 remanet.
965 3172 1042 3227 Deus
1060 3173 1137 3227 enim

118 3244 218 3311 sciens,
247 3246 323 3313 quod
343 3262 376 3300 ex
404 3245 506 3299 finibus
535 3244 705 3299 conditionis
732 3244 855 3299 humans
873 3261 950 3313 papa
968 3261 1024 3299 non
1041 3244 1137 3299 ιιιιιι

118 3316 290 3398 potestatem
313 3334 394 3371 suam
415 3316 539 3371 ubilibet
561 3331 613 3385 per
631 3331 661 3369 se
688 3315 875 3385 personaliter
900 3331 1028 3370 exercere
1046 3318 1076 3370 et
1093 3318 1137 3370 tot

118 3386 244 3469 negociis
263 3388 401 3455 insistere,
421 3387 563 3457 principes
582 3387 619 3441 ad
636 3388 723 3471 remp,
743 3387 796 3441 etc
820 3387 857 3441 K.
885 3390 894 3456 ΙΙ
923 3394 955 3441 19
974 3387 1053 3441 misit
1071 3387 1109 3441 K.
1128 3386 1138 3457 ιι

119 3462 152 3509 22
150 3456 345 3539 'singrdarcm
364 3461 402 3514 K.
430 3463 439 3530 ΙΙ
467 3465 500 3513 23
520 3459 578 3513 suis
597 3475 631 3512 ex
648 3458 837 3527 inspiracione
855 3458 952 3512 divina
970 3458 1057 3514 etiam
1074 3474 1137 3527 per-

118 3527 220 3582 misere
239 3530 277 3583 K.
305 3531 313 3599 ll
342 3536 375 3584 24
394 3463 433 3585 ard
449 3546 538 3585 uocem
566 3529 778 3599 superioritate:
806 3547 829 3585 c.
848 3530 925 3586 solite
951 3531 986 3585 de
1012 3531 1093 3584 maio.
1113 3536 1138 3584 ct

118 3599 166 3654 obe
190 3599 261 3654 Vm
280 3618 367 3672 marg.
