2659 3909
169 145 234 199 VIII
572 144 779 198 PRAEFATIO

169 314 291 356 causam
323 296 360 355 de
392 299 535 372 quattuor
566 295 648 355 urbis
682 294 831 355 aetatibus
862 296 954 375 latius
983 315 1017 355 ac
1049 296 1188 355 diffiisius

168 386 258 445 verba
282 386 366 460 facit,
398 384 457 445 nisi
487 389 521 444 ut
551 388 702 461 postremo
730 385 849 444 Nicolai
875 385 1025 461 pontificis
1053 386 1187 444 domina·

168 477 281 534 tionem
303 474 508 534 felicissimam
536 477 566 533 et
589 475 836 551 gloriosissimam
858 474 941 533 urbis
971 477 1102 533 aetatem
1124 493 1188 535 esse

169 563 334 640 praedicet,
367 582 443 638 quae
471 582 539 621 curn
565 563 683 638 reliqua
705 562 797 621 Italia
828 565 976 622 continuis
1000 563 1086 622 bellis
1108 565 1191 622 inter

169 652 361 711 Franciscum
385 651 530 712 Sfortiam
562 654 592 711 et
623 651 806 711 Venetianos
834 652 1052 728 Alfonsumque
1084 670 1186 731 regem

169 741 404 817 Neapolitanum
428 742 501 800 ortis
525 741 680 818 fatigetur,
698 759 772 816 pace
790 741 908 799 fruatur
922 745 953 800 et
966 742 1188 817 tranquillitate

170 830 474 906 praeclarissimisque
498 848 516 888 a
538 829 679 906 pontifice
703 830 921 889 communietur
949 833 1039 906 atque
1067 849 1186 889 exorne-

171 924 222 979 tur
253 918 399 995 operibus.
445 920 470 977 Il
504 919 612 994 quibus
645 923 857 977 commemorat
889 918 1117 995 Scipionemque
1148 918 1189 977 ad

172 1028 294 1084 superos
331 1026 483 1067 reversum
516 1026 702 1083 summopere
734 1007 933 1067 admirantem
964 1008 1039 1067 iacit
1070 1010 1191 1067 moenia

171 1097 263 1171 urbIs,
296 1116 371 1173 quae
399 1116 453 1172 per
479 1096 666 1155 Beltramum
688 1096 813 1155 Martini
844 1096 939 1155 filium
970 1098 1191 1173 redemptorem

173 1176 405 1265 exstruentur1),
428 1186 585 1245 basilicam
609 1185 637 1244 S.
657 1185 740 1267 Petri
762 1187 908 1261 aedesque
931 1186 1103 1246 Vaticanas.

239 1276 306 1335 Iam
337 1294 407 1334 vero
437 1276 464 1335 si
500 1276 685 1350 quaerimus,
722 1295 798 1349 quae
834 1275 1024 1352 potissimum
1055 1278 1190 1335 veterum

172 1366 330 1440 poetarum
362 1364 497 1439 exempla
529 1383 597 1422 cum
627 1366 660 1421 in
698 1365 880 1441 argumentis
912 1367 977 1423 tum
1009 1366 1042 1422 in
1073 1363 1192 1423 dicendi

173 1472 280 1531 genere
300 1454 417 1512 secutus
437 1454 478 1511 sit
491 1452 643 1522 Horatius,
661 1453 825 1529 plurimum
843 1452 977 1531 Vergilio
996 1471 1066 1511 enm
1084 1452 1191 1511 debere

173 1560 260 1601 nemo
275 1545 320 1601 est
334 1544 408 1617 quin
422 1542 531 1601 videat.
577 1542 650 1600 Inde
665 1561 741 1616 quae
756 1541 792 1600 de
806 1562 897 1621 regno
915 1542 1079 1601 inferorum
1096 1541 1194 1601 trudit

174 1632 353 1691 omniafere
372 1632 482 1689 hausta
501 1634 583 1689 sunt:
603 1629 731 1704 Charon,
750 1630 903 1704 Cerberus,
920 1631 1027 1707 Minos,
1050 1633 1193 1707 portenta

175 1722 339 1797 allegorica
362 1715 454 1778 limen
473 1719 553 1779 Ditis
578 1721 738 1794 servantia,
761 1721 870 1778 Furiae
892 1720 997 1796 illique
1021 1722 1074 1795 qui
1097 1723 1191 1779 aeter-

174 1828 229 1868 nas
262 1828 373 1885 poenas
397 1809 484 1866 luunt
507 1810 639 1883 itemque
658 1809 741 1869 sedes
760 1812 889 1868 secretae
908 1808 1016 1867 ducum
1034 1809 1193 1882 clarorum,

176 1898 308 1957 Catilina
330 1896 459 1973 denique
483 1900 514 1956 et
538 1896 621 1971 Cato,
643 1898 703 1958 nisi
726 1899 806 1973 quod
828 1898 1000 1957 Uticensem
1022 1898 1109 1973 ponIt
1130 1897 1191 1957 Ho-

175 1989 270 2047 ratius
293 2006 348 2063 pro
374 1985 524 2045 Censorio.
571 1985 719 2062 Scipionis
741 1986 878 2046 Afn'cani
900 2006 948 2046 res
971 1990 1082 2064 gestas,
1111 1986 1192 2062 quod

175 2079 237 2135 iam
268 2075 337 2134 inde
370 2076 568 2134 aFrancisco
599 2076 742 2135 Petrarca
772 2076 1009 2135 illustrissimum
1040 2076 1194 2135 Romanae

175 2166 297 2225 virtuts
321 2164 471 2241 exemplar
494 2165 734 2238 existimabatur,
760 2184 794 2223 ex
817 2164 903 2224 Livio
932 2165 1066 2242 cognitas
1093 2164 1193 2223 habet.

177 2254 267 2314 Cuius
304 2253 411 2313 umbra
447 2254 587 2313 similiter
623 2254 745 2313 mortali
782 2272 904 2330 corpore
940 2254 1076 2312 induitur
1113 2253 1193 2330 apud

177 2342 337 2403 Horatium
374 2361 432 2417 quo
469 2342 683 2401 Erichthonem
719 2345 751 2400 in
787 2343 901 2401 Lucani
937 2342 1094 2402 Pharsalia
1126 2335 1194 2423 (VI,

179 2434 243 2493 750
251 2423 330 2513 sqq.)
354 2432 471 2507 corpori
495 2432 586 2490 occisi
609 2433 741 2490 animam
764 2432 946 2507 vitalemque
976 2433 1105 2491 calorem
1126 2431 1193 2490 red-

177 2522 296 2581 dentem
320 2521 471 2595 videmus,
501 2519 632 2596 itemque
656 2518 757 2579 Ovidii
785 2521 933 2596 Statiique
961 2520 1093 2580 carmina
1120 2522 1194 2580 satis

177 2611 338 2688 diligenter
366 2629 433 2668 eum
464 2610 572 2687 legisse
605 2613 739 2686 apparet.
784 2611 889 2686 Neque
922 2610 1029 2669 desunt
1056 2629 1133 2686 quae
1159 2629 1194 2669 ex

178 2700 287 2758 Dantis
306 2698 455 2775 Aldigerii
474 2717 562 2775 opere
586 2700 705 2776 egregio
725 2701 786 2758 sint
809 2699 975 2776 desumpta,
999 2701 1052 2775 qui
1073 2698 1195 2758 umbras

178 2791 363 2848 mortuorum
387 2787 526 2846 similiter
552 2788 680 2847 fiammis
703 2789 817 2848 involvi
841 2793 872 2847 et
895 2808 914 2847 a
936 2788 1066 2848 colubris
1090 2789 1195 2865 angui-

178 2878 292 2953 busque
321 2867 456 2957 vexari²)
483 2877 558 2935 facit
586 2880 676 2953 atque
707 2877 857 2955 Angelum
884 2878 970 2936 illum
993 2876 1126 2936 Porcarii
1149 2895 1194 2936 so·

178 2967 255 3026 roris
278 2967 376 3025 virum
398 2966 558 3039 Horatius,
580 2966 751 3042 ibidemque
774 2968 890 3027 invenit
914 2966 1073 3026 Cerberum
1100 2965 1195 3024 denti-

180 3056 235 3115 bus
269 3055 476 3133 unguibusque
508 3055 665 3115 damnatos
698 3048 920 3136 laceranteml)
976 3054 1060 3114 Sicut
1095 3057 1196 3113 autem

253 3298 279 3366 1)
298 3296 429 3350 Pomaria
447 3296 468 3364 I,
483 3302 535 3351 514
553 3296 586 3356 Π,
603 3302 662 3349 241.
683 3328 717 3337 —
735 3296 777 3349 De
793 3296 935 3350 Beltramo
956 3296 990 3350 cf.
1005 3296 1119 3349 Miinta
1138 3242 1163 3350 1..
1173 3312 1196 3350 c.

180 3387 207 3438 p'
225 3373 283 3509 wal
298 3372 403 3494 ritae
422 3441 495 3492 eene.
515 3438 613 3504 xxvi,
628 3443 670 3491 47.
689 3438 787 3507 xxiv,
807 3443 910 3507 ersqq.

253 3510 525 3593 amam!
