2659 3909
554 181 759 237 PRAEFATIO
1112 182 1164 237 VII

149 332 272 391 Maioris
296 333 388 392 situm
407 352 425 391 a
446 332 587 409 pontifice
611 336 743 393 erectum
762 336 792 392 et
815 292 1037 409 amplificatum.
1080 331 1165 402 Quod

148 440 223 497 opus
247 441 325 481 anno
350 423 435 481 1452
460 424 534 482 satis
557 424 618 481 iam
642 424 821 500 processisse
845 442 861 481 e
882 422 967 481 bulla
993 423 1088 499 ipsius
1112 423 1165 481 Ni·

147 511 226 569 colai
247 512 441 589 intellegitur,
466 531 556 587 quam
580 512 668 570 affert
689 513 810 570 Muntz
833 511 890 571 Les
914 514 976 571 arts
1000 505 1017 569 1
1040 512 1071 571 11
1094 530 1166 571 cour

147 599 197 659 des
220 618 317 677 pepes
340 599 364 674 I,
380 603 452 661 144.

213 689 402 749 Pantheon
438 690 495 748 vel
532 689 687 749 ccclesia
724 688 753 747 S.
789 690 925 749 Mariae
962 690 1165 762 Rotundae,

148 797 248 855 quam,
272 782 307 838 ut
330 780 374 838 ait
395 779 550 853 Horatius,
573 796 677 853 „sacra
698 779 799 837 ferunt
821 778 912 837 matri
938 779 1052 855 templa
1073 778 1165 839 fuisse

147 866 263 926 deum“.
311 866 396 937 Quod
432 867 623 943 antiquitatis
654 869 880 926 monumentum
913 867 1053 943 plumbeo
1085 870 1165 925 tecto

146 958 312 1017 restituisse
335 958 494 1016 Nicolaum
511 956 633 1015 Platina
656 975 774 1033 quoque
796 956 891 1014 tradit
913 959 945 1014 in
968 956 1039 1015 ritis
1062 958 1162 1032 ponti-

149 1045 247 1121 ficum,
271 1047 307 1105 cf.
330 1046 433 1105 Miintz
456 1047 475 1104 l.
496 1063 519 1104 c.
542 1066 571 1121 p.
593 1047 664 1105 145.

217 1133 383 1193 Castrum
413 1134 442 1192 S.
466 1134 598 1212 Angeli
626 1134 696 1192 inde
727 1134 765 1192 ab
798 1153 876 1193 anno
901 1136 986 1193 1447
1019 1134 1164 1192 refectum

146 1226 178 1283 et
199 1225 357 1297 munitum,
380 1224 483 1281 Niintz
506 1243 535 1299 p.
557 1224 629 1283 150.

214 1311 306 1371 Pons
329 1313 477 1372 Milvius
512 1331 565 1371 seu
592 1316 626 1371 ut
658 1312 732 1371 dicit
763 1312 907 1371 Horatius
939 1312 1089 1370 Mollius
1118 1303 1164 1391 (in

148 1401 284 1478 margine
313 1421 367 1477 per
398 1420 528 1461 errorem
551 1402 695 1479 scriptum
725 1404 771 1461 est
797 1392 970 1481 emilius),
998 1402 1081 1460 cuius
1104 1420 1164 1459 me-

147 1489 229 1548 diam
250 1492 368 1565 partem
386 1490 469 1568 ligno
492 1490 673 1549 fabricatam
691 1491 842 1568 lapideam
864 1490 1011 1549 exstruxit
1028 1490 1165 1565 pontifex

147 1578 312 1654 turrimque
335 1581 368 1637 in
391 1580 496 1639 dextra
521 1580 652 1639 fluminis
675 1583 743 1657 ripa
766 1582 865 1655 coepit
892 1578 1056 1638 aedificare.
1092 1577 1163 1637 ibid.

212 1757 326 1817 Aedes
358 1758 556 1817 Vaticanus
590 1777 607 1816 a
639 1759 765 1817 Nicolac
796 1759 955 1816 restitutae
988 1759 1018 1815 61
1051 1757 1158 1831 ampli-

150 1845 258 1905 ficatae
280 1848 431 1922 murisque
455 1850 485 1906 et
516 1847 648 1906 turribus
682 1848 805 1921 cinctae,
837 1846 916 1923 quod
940 1864 1014 1922 opus
1045 1848 1165 1921 praeter

149 1936 248 1994 cetera
270 1936 503 2011 praedicandum
526 1940 626 1996 censet
648 1935 802 1995 Horatius.
838 1934 910 1994 ibid.
933 1955 962 2011 p.
984 1936 1056 1994 115.

215 2027 243 2083 2.
266 2024 459 2085 Porcariae
481 2025 551 2083 libri
574 2026 642 2099 duo,
666 2025 746 2100 quod
768 2043 886 2084 carmen
910 2026 1028 2101 epicum
1046 2026 1165 2083 constat

149 2132 185 2171 ex
206 2114 290 2172 1053
315 2113 448 2173 versibus
472 2114 660 2188 hexametris
683 2114 720 2173 de
739 2134 798 2189 quo
817 2113 880 2172 dixi
897 2115 929 2171 in
952 2115 1163 2173 commentario

149 2203 202 2278 qni
233 2202 408 2261 inscribitur
439 2203 505 2277 „die
536 2203 776 2280 Verschwdrung
808 2203 859 2262 des
891 2201 1014 2262 stefano
1043 2202 1164 2261 Porcari

147 2290 210 2349 und
232 2292 280 2349 die
303 2290 457 2369 Dichtung
479 2293 533 2351 der
549 2290 767 2352 Renaissance“
790 2284 888 2373 (Neue
906 2291 1092 2351 Jahrbiicher
1114 2291 1164 2349 fiir

149 2379 203 2438 das
225 2380 316 2439 klass.
339 2380 500 2455 Altertum,
533 2379 708 2441 Gesohichte
739 2381 803 2440 und
835 2379 975 2439 deutsche
998 2379 1165 2439 Litteratur

150 2470 234 2528 1903
267 2468 291 2527 Ι.
310 2469 421 2529 Abteil.
453 2469 508 2529 Bd.
527 2470 579 2546 XI,
610 2491 639 2546 p.
661 2462 749 2551 108).
804 2470 901 2539 Quare
938 2470 974 2528 de
1012 2469 1163 2545 Stephane

148 2556 213 2630 iilo,
241 2560 293 2632 qui
316 2560 519 2619 coniuratione
551 2578 641 2634 quam
671 2562 776 2619 contra
797 2558 957 2617 Nicolaum
986 2557 1163 2618 dominatio·

147 2665 273 2722 nemque
296 2647 481 2723 pontificiam
500 2650 611 2707 lecerat
632 2648 749 2707 detecta
772 2668 798 2707 a.
819 2648 845 2706 d.
864 2647 893 2704 V
916 2647 987 2706 idus
1006 2646 1164 2705 lanuarias

147 2735 220 2793 anni
245 2736 328 2794 1453
353 2756 413 2795 una
442 2756 510 2795 cum
532 2737 649 2815 Angelo
671 2738 749 2797 Masi
775 2736 898 2813 filioque
925 2738 988 2795 eius
1012 2735 1163 2795 Clemente

148 2824 233 2882 furca
256 2842 415 2899 suspensus
437 2844 548 2901 poenas
567 2827 685 2887 sceleris
699 2826 766 2900 luit,
785 2826 880 2884 denuo
894 2826 943 2884 hic
956 2824 1048 2885 verba
1067 2826 1163 2883 facere

147 2913 398 2988 supersedendum
429 2917 548 2990 putavi,
580 2916 757 2991 praesertim
799 2933 866 2974 cum
902 2914 938 2973 de
969 2915 1043 2990 ipsis
1075 2914 1163 2973 rebus

148 3004 240 3080 gestis
259 3022 366 3078 parum
384 3005 456 3062 novi
474 3024 490 3064 e
508 3004 641 3064 versibus
660 3004 835 3064 Horatianis
858 3005 1061 3081 cognoscatur.
1097 3001 1163 3071 Quo

5 3106 25 3126 ’-
146 3090 278 3150 carmine
301 3110 361 3151 non
383 3095 448 3151 tam
479 3094 512 3151 in
537 3094 636 3153 animo
669 3093 775 3152 habuit
806 3095 896 3168 poeta
928 3094 1163 3152 coniurationem

148 3179 234 3237 illam
266 3199 403 3257 quaeque
435 3201 501 3242 eam
533 3185 634 3241 secuta
666 3184 765 3242 essent
801 3181 978 3255 describere,
1015 3201 1105 3257 quam
1127 3184 1164 3239 ut

147 3270 257 3327 summi
279 3270 429 3344 pontificis
453 3272 580 3349 gloriam
602 3272 789 3347 praedicaret
807 3289 897 3347 seque
915 3272 1014 3346 ipsum
1037 3271 1163 3329 clemen-

147 3358 209 3415 tiae
232 3360 295 3416 eius
318 3360 545 3419 commendaret.
591 3361 696 3436 Neque
719 3363 798 3420 enim
827 3361 921 3419 ullam
947 3358 1163 3435 praetermittit

148 3445 340 3523 occasionem,
364 3450 437 3523 quin
459 3449 608 3524 pontificis
631 3452 758 3509 virtutes
781 3449 981 3523 beneficiaque
1003 3450 1037 3505 in
1058 3446 1163 3506 urbem

149 3534 276 3595 Romam
304 3540 444 3613 congesta
477 3538 625 3598 collaudet
653 3542 684 3597 et
715 3537 856 3616 celebret,
886 3556 982 3613 neque
1006 3536 1042 3596 ob
1071 3537 1162 3595 aliam
