2659 3909
183 218 226 297 34
672 216 698 269 Π

183 370 285 443 Atque
308 368 413 446 ingens
437 369 532 427 virtus
555 368 678 426 meritos
701 368 850 442 speetaret
871 367 1005 426 honores.

128 477 168 519 su
183 458 310 535 Surgere
332 459 394 516 iam
416 460 536 533 potarat
559 457 695 534 neglecta
718 458 748 515 et
770 456 908 531 squalida
930 456 1027 517 Roma

183 548 224 607 Et
246 549 358 607 veteres
381 546 501 605 haurire
525 547 639 604 animos
663 547 816 621 maiorque
839 539 945 619 videri,

184 637 261 694 Tum
284 636 575 711 quoqueyeornmuni
597 634 670 693 felix
693 634 860 693 adolescere
882 637 971 713 sorte,

185 723 259 783 Cum
281 724 387 783 melior
409 743 463 799 per
484 727 515 783 16
538 724 631 801 longe,
649 723 708 783 sibi
730 723 867 783 redditur
888 723 975 781 orbis.

183 814 267 886 Ante·
287 816 356 873 tuos
380 816 463 872 ortus
485 813 688 871 miserandum
711 814 742 871 et
764 812 862 873 flebile
884 832 994 871 numen

130 901 369 979 16011010611111.
416 901 549 960 Tandem
571 901 705 977 triplices
727 897 844 961 laetata
865 921 920 977 per
942 920 1044 961 omnes

186 992 228 1050 Te
252 994 390 1068 surgente
414 990 534 1068 gradus,
557 989 664 1049 tribuit
688 1009 762 1066 quos
785 990 860 1066 ipsa,
882 994 1014 1049 moretur

184 1081 263 1139 Ante
288 1082 363 1139 alias
386 1082 505 1153 veniam
528 1080 654 1155 populos
678 1082 816 1155 spectata
837 1098 891 1155 per
913 1098 1014 1139 omnes

186 1169 278 1229 Saura
301 1168 354 1227 diu
377 1188 542 1244 nomenque
564 1171 652 1227 tuum
675 1169 879 1245 templumque
902 1168 1014 1228 dicabit

186 1257 345 1318 Gentibus:
368 1258 416 1317 hic
438 1260 520 1317 totus
544 1257 656 1316 Romae
679 1257 843 1317 laetabitur
865 1257 954 1317 orbis.

131 1367 171 1409 166
187 1347 235 1407 Sis
257 1350 345 1423 pater
367 1365 438 1423 ergo
461 1366 575 1405 memor
597 1348 714 1423 patriae
737 1348 854 1406 telluris
878 1350 995 1406 amatae

186 1436 375 1511 Numinibus
400 1438 511 1495 eineres
535 1435 587 1494 ubi
610 1436 657 1495 101
678 1437 868 1495 tumulantur
891 1439 921 1494 et
943 1452 1011 1494 ossa

185 1525 365 1587 Pontificum
388 1543 531 1600 sacroque
553 1524 709 1583 hominum
730 1526 855 1601 perfusa
877 1543 982 1584 eruore

186 1614 326 1689 Undique
349 1617 430 1673 terra
452 1613 547 1672 rubet.
592 1613 679 1672 Fidei
701 1617 802 1672 manet
825 1614 888 1671 6116
910 1631 1085 1688 supernae*

186 1704 245 1763 Hie
267 1706 319 1779 pia
341 1702 459 1781 relligio
484 1721 588 1763 verum
611 1705 702 1779 eaput
725 1701 807 1761 urbis
831 1706 862 1760 et
884 1721 970 1761 omne

132 1814 173 1853 160
186 1793 310 1869 Imperii
334 1792 421 1851 decus
445 1793 475 1870 61
498 1791 589 1866 Ρ6111,
613 1792 660 1851 0111
683 1792 830 1869 sanguine
852 1791 966 1866 primus

186 1881 295 1941 Partus
318 1882 412 1940 honos
434 1881 541 1957 templi
564 1882 705 1956 caeloque
728 1880 828 1939 infusa
850 1883 992 1955 potestas.

188 1971 268 2048 Ergo
291 1971 400 2029 11616111
425 1969 560 2029 altricem
583 1970 688 2028 mundi
710 1971 798 2045 pater
820 1969 919 2045 aspiee
941 1971 1061 2027 terram.

187 2060 320 2135 Imperat
342 2059 394 2117 ille
418 2058 480 2117 deis
504 2059 644 2118 fortunae
669 2062 698 2118 et
720 2058 809 2117 rebus
833 2061 864 2118 61
886 2058 983 2131 astris,

189 2146 247 2217 Qui
270 2147 404 2207 sibinen
427 2150 545 2223 patitur
567 2148 676 2221 mentis
699 2148 866 2207 sordeseere
888 2146 989 2204 lumen

188 2326 245 2384 1116
269 2326 390 2402 quidem
412 2326 486 2385 felix
508 2326 645 2402 princeps
670 2328 701 2384 et
723 2326 829 2384 celsior
851 2326 933 2383 omni

189 2415 319 2491 Imperio
343 2418 373 2473 et
395 2413 515 2491 populis
538 2415 643 2490 opibus
668 2434 786 2490 quoque
808 2415 905 2473 maior
928 2417 959 2472 61
981 2415 1080 2473 armis.

189 2504 271 2563 Η660
294 2506 455 2579 postquam
478 2504 592 2580 61161116,
616 2502 715 2563 subito
738 2504 823 2562 velut
844 2502 951 2561 umbra
972 2504 1094 2562 reeessit

191 2593 321 2669 Spiritus
345 2593 383 2651 6(1
405 2610 507 2651 manes
531 2610 696 2669 corpusque
718 2592 843 2667 reliquit
865 2594 898 2650 in
920 2612 1003 2651 urna.

137 2702 176 2743 soe
190 2682 235 2741 Ae
258 2682 354 2740 veluti
375 2680 487 2758 ignitas
510 2683 536 2742 si
560 2681 679 2756 quando
703 2700 757 2757 per
780 2681 902 2739 aethera
927 2699 1044 2741 sursum

190 2770 303 2830 intenti
327 2771 487 2846 aspicimus
510 2773 600 2829 noctu
623 2771 751 2831 volitare
773 2770 903 2845 favillas,

190 2860 264 2938 lgna
287 2861 400 2919 mieant
421 2861 514 2935 tenui,
537 2879 605 2919 mor
627 2860 713 2919 nulla
735 2861 768 2918 in
791 2877 915 2935 corpora
937 2860 1040 2935 lapsae

190 2948 348 3023 Deficiunt,
372 2947 469 3008 subito
494 2952 616 3025 aspeetu
639 2950 797 3009 solvuntur
818 2950 852 3007 in
874 2967 971 3023 auras·

191 3038 256 3097 Ant
278 3038 330 3097 ubi
354 3056 444 3113 quam
467 3038 547 3097 sidus
570 3038 679 3115 vulgus
701 3040 790 3114 putat
812 3040 901 3117 ignea
924 3039 1018 3097 eurrit

139 3147 177 3188 soa
191 3128 280 3186 Rima
303 3127 381 3203 polo,
405 3127 493 3186 eeleri
515 3130 605 3203 raptu
629 3147 659 3188 se
683 3127 785 3187 eondit
806 3128 839 3184 111
863 3126 960 3185 astris.

263 3315 327 3370 finit
346 3317 492 3371 secundus.
