2659 3909
529 200 736 256 PRAEFATIO
1101 202 1143 256 IX

11 376 12 381 ¹
126 352 262 411 Porcarii
290 371 387 412 comes
410 354 442 411 in
471 371 580 428 aquam
605 351 744 431 Stygiam
771 353 908 430 delapsus
936 352 1073 412 manibus
1099 357 1147 412 at-

5 488 6 493 ,
128 461 185 517 que
208 461 259 501 ore
281 445 378 502 ratem
401 443 482 519 capit
506 434 924 523 Charontis(Porc.I,166),
947 444 993 501 ita
1010 442 1144 519 Philippi

126 532 162 590 de
185 531 326 609 Argentis
359 531 526 590 Florentini
557 531 733 590 iracundum
765 532 957 591 simulacrum
988 531 1143 609 navigium

13 662 23 691 „
126 620 278 697 Phlegyae
303 619 426 698 Stygem
448 620 604 679 traiecturi
628 620 883 696 comprehendisse
911 619 992 697 apud
1013 619 1145 679 Dantem

180 712 185 722 ·
270 702 282 739 1

126 701 298 873 leglMldlpud
312 798 343 855 in
368 800 538 875 argumenti
560 798 693 857 modoet
716 817 822 877 genere
846 798 964 857 dicendi
977 798 1029 857 sed
1052 798 1144 857 etiam

11 924 20 941 κ
128 889 214 945 inre
237 889 362 946 metrica
389 906 587 962 versuumque
609 887 725 946 ratione
748 886 909 947 Horatium
932 887 970 945 ad
993 888 1149 963 exemplar

127 979 262 1035 veterum
298 979 455 1051 poetarum
492 978 586 1034 artem
625 994 710 1035 suam
750 975 943 1035 laudabiliter
984 976 1144 1036 excoluisse

129 1068 263 1141 apparet.
310 1063 401 1123 Cuius
433 1064 466 1123 in
502 1064 682 1123 carminibus
719 1083 901 1140 quamquam
932 1084 991 1123 non
1028 1066 1148 1139 desunt,

129 1172 205 1230 quae
229 1154 266 1211 ab
290 1152 456 1212 elocutione
480 1154 511 1211 et
534 1157 598 1211 arte
620 1156 746 1213 metrica
769 1154 961 1229 antiquorum
989 1157 1145 1213 auctorum

130 1242 317 1316 abhorreant,
339 1243 441 1300 tamen
464 1242 552 1319 longe
574 1243 607 1300 in
630 1261 666 1301 ea
688 1262 721 1301 re
743 1242 954 1319 praeferendus
978 1260 1040 1302 esse
1063 1241 1144 1302 vide-

129 1336 180 1389 tur
198 1330 329 1406 Josepho
348 1330 473 1406 Brippio
491 1330 717 1413 Magistrutmae
741 1350 817 1406 quae
841 1332 952 1391 dieitur
973 1330 1148 1407 pontificiae

129 1419 290 1496 praefecto,
313 1419 361 1479 cui
379 1422 410 1478 et
431 1420 491 1495 ipsi
513 1421 653 1479 carminis
677 1420 783 1479 edendi
806 1420 989 1479 occasionem
1007 1420 1150 1496 praebuit

130 1509 297 1569 Porcarius.
343 1507 407 1577 Quo
430 1508 467 1567 de
490 1510 620 1567 carmine
643 1509 682 1568 ad
705 1528 840 1585 eaquae
863 1509 924 1567 dixi
942 1510 975 1567 in
998 1528 1146 1568 commen-

129 1598 239 1656 tariolo
263 1616 352 1672 quem
375 1600 605 1657 commemoravi
628 1598 768 1657 lectorem
791 1616 931 1658 revocare
949 1599 1025 1657 mihi
1047 1599 1148 1656 liceat.

199 1688 227 1745 3.
254 1685 378 1745 Carmen
402 1688 574 1764 elegiacum,
595 1687 674 1762 quod
696 1687 870 1747 inscribitur
887 1687 1006 1746 Venus
1030 1706 1149 1746 aurea.

132 1774 222 1835 (luins
259 1779 467 1858 argumentum
504 1778 630 1853 sumpsit
661 1776 808 1837 Horatius
840 1797 856 1836 e
892 1778 1023 1837 carmine
1047 1773 1147 1854 Ἔρως

131 1860 277 1942 δραπέτης
301 1865 381 1940 quod
404 1864 518 1924 Moschi
548 1865 732 1942 perhibetur,
762 1885 858 1941 neque
885 1870 986 1925 tamen
1009 1868 1151 1925 accurato

130 1954 206 2012 illud
237 1954 269 2012 in
300 1953 436 2031 linguam
467 1954 595 2013 latinam
625 1956 782 2015 transtulit
812 1959 847 2014 ut
877 1958 983 2031 postca
1014 1954 1150 2032 Angelus

13 2044 17 2053 ‘
93 2061 95 2065 ·
132 2034 341 2123 Pontianus2),
365 2041 417 2101 sed
439 2062 555 2102 summa
578 2043 718 2104 libertate
742 2049 918 2121 argumento
941 2062 1011 2105 usus
1033 2062 1148 2103 novum

130 2150 251 2206 prorsus
275 2149 392 2191 carmen
416 2133 511 2191 altero
535 2132 596 2191 fere
624 2136 711 2192 tanto
738 2135 835 2194 maius
862 2134 981 2209 alioque
1008 2151 1149 2193 versuum

131 2239 237 2297 genere
261 2219 383 2279 effinxit.

200 2311 229 2367 4.
257 2309 310 2367 Ad
350 2310 581 2368 Franciscum
623 2310 798 2370 Sfortiam
839 2311 943 2369 ducem
983 2310 1150 2369 Mediolani

132 2399 228 2476 elegia
251 2399 379 2474 epistola
401 2398 440 2456 ad
463 2398 659 2458 Nicodemum
683 2399 831 2475 quendam
852 2401 1029 2475 praemissa,
1059 2418 1148 2475 quem

132 2489 167 2545 ut
190 2506 308 2545 carmen
330 2487 459 2563 principi
482 2487 584 2546 tradat
605 2488 752 2547 hortatur.
799 2486 1007 2564 Conscriptum
1029 2487 1152 2547 videtur

134 2594 211 2635 anno
237 2578 320 2635 1451
355 2574 472 2635 foedere
499 2577 579 2635 inter
600 2577 760 2635 Allonsum
791 2596 889 2655 regem
914 2581 945 2636 et
966 2578 1148 2637 Venetianos

132 2667 194 2724 icto
230 2663 367 2740 belloque
406 2668 510 2724 contra
547 2664 690 2723 Sfortiam
726 2666 973 2742 Florentinosque
1009 2686 1077 2726 cum
1113 2684 1151 2724 eo

133 2755 308 2813 coniunctos
331 2755 513 2827 imminente,
536 2772 602 2813 cum
621 2757 719 2813 metus
742 2757 828 2829 esset,
846 2773 883 2814 ne
901 2754 980 2832 regis
1002 2754 1151 2813 exercitus

133 2844 166 2901 in
193 2842 267 2902 fines
298 2842 446 2918 pontificis
477 2844 684 2918 irrumperent.
730 2844 832 2903 Monet
864 2847 963 2902 autem
995 2843 1152 2917 sfortiam,

134 2933 217 2991 cuius
240 2933 377 3007 potentia
401 2934 489 3007 atque
514 2934 679 2991 auctoritas
702 2935 848 3007 quantum
861 2935 933 2991 tunc
954 2932 1034 3009 apud
1047 2951 1151 2991 omnes

133 3022 286 3081 valuerint
308 3040 394 3080 nemo
419 3022 540 3095 estqui
571 3022 700 3095 nesciat,
732 3024 767 3079 ut
794 3023 944 3080 communi
974 3022 1059 3081 hoste
1081 3040 1149 3097 pro-

134 3110 222 3186 pulso
246 3128 317 3186 opes
346 3109 515 3186 pontificias
542 3110 684 3170 restituat
710 3129 872 3186 pacemque
899 3111 1005 3169 reddat
1031 3111 1152 3183 Italiae,

209 3353 235 3419 1)
252 3350 358 3404 Inferni
377 3353 448 3404 cent.
468 3350 540 3417 VIM,
554 3355 597 3405 40.

208 3424 235 3489 2)
254 3422 340 3475 Amor
370 3421 505 3491 fugitivus
538 3438 654 3492 egreco
674 3421 782 3475 Moschi
814 3422 844 3474 in
871 3420 1041 3475 Politiani
1069 3420 1151 3490 Opp,

136 3491 265 3546 Basileae
285 3496 363 3557 1553,
381 3511 409 3561 p.
424 3498 466 3547 93.
502 3492 588 3557 Prose
615 3493 724 3563 volgari
742 3509 758 3548 e
781 3492 876 3561 poesie
894 3492 983 3546 latine
1005 3508 1021 3545 e
1049 3492 1151 3561 greche

137 3562 167 3617 di
185 3564 266 3634 Aug.
285 3562 464 3617 Poliniano
488 3564 530 3618 ed.
551 3564 606 3619 del
624 3564 753 3635 Lnngo,
772 3564 887 3617 Firenze
907 3568 984 3630 1867,
1003 3581 1030 3632 p.
1047 3569 1107 3617 525.
